3200 5067
402 477 450 531 tlt
688 471 729 528 DE
747 477 776 539 Q⁴
796 477 823 526 S.
841 475 870 526 Fa
888 466 1111 527 ''l‘EllTULLlANO
1192 434 1196 438 Δ

400 598 521 672 utraque
542 590 609 668 ergo
631 589 667 651 de
689 591 810 672 utraque
833 589 939 670 optime
960 596 1099 666 meretur,
1121 588 1250 668 quamuis
1267 591 1384 671 quidam

401 695 561 758 inimicitias
575 694 653 756 inter
671 694 734 757 illas
755 695 878 756 mouere
891 693 985 755 conati
1008 692 1075 754 sint.
1098 691 1205 754 Ambae
1223 711 1339 775 semper
1353 696 1385 756 in

400 797 526 861 Ecclesia
540 797 628 860 luisse
642 797 791 878 complura
803 797 965 859 testimonia
974 797 1111 878 probunt:
1120 797 1245 878 jacuisse
1256 797 1385 880 aliquan-

400 903 448 965 diu
462 902 526 984 quis
545 903 684 964 mearunt
704 908 791 982 atque
810 898 918 960 utinam
929 897 1054 980 'semper
1065 900 1235 979 jacuissent,
1250 909 1283 962 ut
1304 918 1385 965 arma

399 1007 428 1068 in
450 1005 683 1083 armamentario,
706 1005 781 1067 ensis
802 1004 831 1065 in
847 1002 956 1080 vagina,
980 1003 1050 1065 ddm
1070 1022 1124 1085 par
1145 1004 1265 1083 obtinet,
1286 1007 1386 1086 quies÷

400 1110 482 1171 cunt!
503 1108 559 1172 Sed
574 1127 667 1188 neque
681 1107 768 1183 ensis,
785 1108 851 1169 cum
867 1105 948 1168 adest
966 1106 1067 1180 hostie,
1077 1108 1139 1167 tdm
1162 1108 1286 1187 primum
1302 1110 1386 1171 cudi-

399 1218 458 1289 tur,
476 1219 569 1292 neque
581 1229 649 1272 suus
663 1211 818 1273 Ecclesiam
833 1209 964 1271 conditur
977 1210 1116 1272 inermem
1131 1210 1264 1273 adversius
1277 1229 1383 1293 repen-

400 1315 457 1377 tina
472 1316 597 1396 pericula
612 1315 776 1395 reliquerat.

439 1418 506 1482 Haec
520 1418 649 1501 Septimii
667 1418 837 1496 doctrinam,
852 1418 888 1480 de
908 1418 1034 1481 Ecclesia
1048 1425 1166 1500 propter
1179 1419 1317 1480 unitatem
1331 1438 1384 1479 an-

399 1524 615 1604 tiquitatemque
626 1523 661 1584 ab
675 1522 813 1586 adulteris
825 1523 1087 1605 posterioribusque
1100 1523 1255 1605 disciplinis
1267 1523 1384 1602 dignm*

399 1629 499 1706 cendi,
515 1647 573 1690 non
587 1635 709 1706 mutant,
725 1626 776 1690 sed
790 1625 948 1708 pleniorem
963 1627 1110 1708 magisque
1123 1624 1178 1688 sibi
1191 1612 1381 1689 coherentem

399 1731 547 1794 efficiunt:
566 1731 670 1813 quippe
685 1732 721 1794 ad
737 1730 904 1793 servandam
926 1747 1084 1811 perennem
1106 1731 1137 1791 in
1153 1731 1295 1794 credendo
1311 1751 1382 1793 eon-

399 1833 525 1896 cordiam
545 1843 685 1916 spectant,
701 1854 787 1918 quam
809 1835 869 1911 ille,
885 1852 915 1895 se
934 1833 996 1915 ipsc
1016 1833 1226 1915 praedamnans,
1246 1841 1380 1916 tanquam

399 1938 536 2018 optimam
560 1939 684 2000 vericulis
709 1946 807 2002 notam
834 1938 939 2000 ilerum
967 1922 1130 2022 iterumque
1155 1939 1289 2002 laudauit.
1318 1939 1381 2001 Non

399 2041 457 2104 ulla
472 2041 630 2124 postillam
651 2044 808 2125 expeditior
824 2044 969 2106 firmiorve
994 2043 1168 2125 prescriptio
1192 2043 1305 2105 inuenta
1326 2050 1381 2119 est,

402 2163 453 2228 per
476 2165 562 2228 quam
579 2149 596 2209 a
611 2149 779 2211 tractatione
806 2149 1020 2230 scripturarum
1046 2147 1170 2210 heretici
1198 2148 1383 2229 prohiberen-

401 2257 467 2312 tur:
491 2271 661 2334 semperque
682 2272 739 2315 una
767 2254 821 2315 suit
847 2255 982 2336 synodis,
1009 2271 1065 2315 una
1090 2251 1272 2333 pontificibus
1293 2255 1379 2330 cuia3
1407 2245 1421 2267 '

398 2359 442 2428 ut,
462 2353 573 2433 quoties
595 2371 641 2415 res
660 2363 802 2435 posceret,
828 2364 996 2438 perpetuam
1024 2356 1229 2436 immotamque
1249 2354 1383 2418 Ecclesiae

400 2456 485 2518 fidem
510 2456 706 2542 declararent,
730 2461 961 2544 antiquitatisque
986 2479 1103 2524 murum
1122 2479 1259 2523 nouarum
1283 2478 1381 2521 rerum

399 2559 563 2623 auctoribus
593 2572 783 2642 opponerent.
815 2565 879 2627 lim
907 2575 937 2626 τὸ
958 2568 1029 2646 quod
1056 2567 1162 2646 ubique,
1186 2566 1256 2645 quod
1275 2585 1383 2644 semper

399 2663 555 2743 obtinebat,
582 2673 610 2728 et
638 2668 745 2748 optima
773 2670 907 2732 credendi
926 2671 1026 2748 regula
1048 2671 1215 2733 habebatur.
1236 2668 1298 2731 lloc
1322 2670 1381 2731 telo

399 2769 552 2852 Septimius
579 2772 769 2852 Marcionem,
792 2775 940 2856 Apellem,
955 2775 1193 2853 Hermogenem,
1217 2774 1381 2854 multusque

400 2875 469 2938 alios
485 2877 657 2959 profligauit:
674 2879 729 2941 hoc
742 2879 805 2958 ipse
823 2879 871 2958 (ad
886 2879 963 2960 quod
978 2876 1062 2940 nobis
1081 2875 1287 2938 deveniendum
1301 2875 1382 2938 dole-

400 2979 477 3060 mus)
495 2981 642 3044 confossus
657 2987 710 3044 est.
1107 2999 1110 3005 ·
