3200 5067
507 478 690 529 OPUSCULUM
710 478 969 551 rutuosorrttcttu.
1194 482 1222 531 st

246 611 260 650 a
282 591 428 672 passiones
442 591 477 652 ad
495 591 725 653 consecutionem
743 591 843 672 gloriae
856 594 978 655 coelestis
991 602 1020 656 ct
1033 595 1135 657 divine
1149 615 1228 659 mer-

244 716 258 753 u
281 695 370 757 cedis.
386 694 415 757 Si
430 694 500 755 tanti
514 693 631 773 nuum,
646 694 744 776 quanti
759 696 947 774 margaritum
963 698 1036 777 (t)‘l
1052 718 1068 759 ›

283 798 320 860 ll.
336 797 413 860 Dura
427 799 504 861 certb
517 804 647 879 tempora
662 799 764 881 quibus
775 799 844 862 talia
858 801 1006 881 predicari
1023 818 1140 864 necesse
1155 802 1220 866 luit:

243 903 326 980 dura,
345 902 446 979 fateor,
464 901 514 965 sed
527 902 591 965 ideb
604 902 739 981 gloriosa,
757 912 786 966 et
804 904 882 986 pacis
898 904 1006 985 otiique
1019 904 1231 969 discriminibus

243 1007 384 1070 feliciora:
403 1005 511 1069 c'lunc
526 1007 601 1069 euim
616 1006 740 1071 Ecclesia
761 1010 790 1071 in
812 1010 931 1072 attonito
951 1017 1007 1073 est.
1022 1009 1104 1074 lunc
1116 1017 1145 1073 et
1158 1012 1231 1075 fides

246 1111 312 1173 ‹in
333 1111 511 1192 expeditione
535 1112 694 1190 sollicitior,
719 1120 747 1175 et
772 1113 978 1196 disciplinatior
999 1116 1028 1177 in
1048 1116 1178 1197 iejuniis,
1201 1122 1230 1177 et

176 1204 183 1214 ’
245 1234 260 1274 t
283 1214 460 1292 stationibus,
474 1221 502 1277 et
520 1215 705 1293 orationibus,
722 1218 930 1295 etbumilitate,
945 1218 975 1279 iu
989 1219 1125 1281 alterutra
1140 1219 1229 1281 dilec-

244 1340 259 1380 t
282 1320 369 1397 tione,
387 1321 416 1381 in
431 1320 580 1383 sanctitate
596 1328 625 1383 et
640 1320 808 1385 sobrietate:
827 1341 885 1385 non
900 1323 976 1385 cuim
991 1330 1108 1385 vacatur
1123 1324 1177 1385 nisi
1191 1324 1229 1386 ti-

245 1446 260 1487 c
282 1426 355 1488 mori
369 1435 397 1488 et
409 1426 470 1507 spei
487 1426 548 1507 (t).
567 1446 582 1487 a
606 1424 640 1489 tt
653 1428 814 1490 exclamare
834 1447 902 1490 cum
917 1428 953 1489 Β.
969 1427 1109 1509 Cypriane
1122 1428 1226 1491 libeat:

244 1548 258 1588 a
281 1529 427 1591 Obeatam
441 1528 597 1591 Ecclesiam
608 1536 748 1607 nostram,
760 1548 847 1611 quam
858 1531 902 1603 ‚sic
911 1530 1005 1593 bonor
1018 1530 1119 1593 divinae
1132 1531 1231 1611 digna·

245 1651 259 1692 u
282 1632 368 1695 tionis
384 1632 537 1709 illuminat,
553 1650 638 1713 quam
653 1633 833 1713 temporibus
848 1634 955 1696 nostris
971 1635 1111 1713 gloriosus
1122 1642 1229 1717 martp-

244 1754 260 1794 c
281 1754 347 1797 rum
364 1737 480 1813 sanguis
492 1736 631 1797 illustrati
652 1736 720 1797 Erat
742 1738 808 1799 ante
826 1738 856 1800 in
874 1738 1012 1819 open'bus
1023 1740 1146 1804 iratrum
1160 1759 1230 1817 cau-

246 1858 261 1899 c
283 1839 363 1912 dida3
379 1857 456 1900 nunc
466 1839 540 1901 iacta
554 1840 638 1901 estin
651 1847 811 1922 martyrum
821 1859 925 1903 cruore
939 1860 1100 1922 purpurea:
1113 1844 1231 1907 floribus

245 1962 261 2003 c
283 1943 347 2022 ejus
361 1960 415 2005 nec
430 1943 486 2005 lilia
501 1960 555 2006 nee
569 1962 643 2006 rosae
658 1944 760 2007 desunt
776 1945 823 2025 (3)
836 1966 843 2006 :
865 1966 879 2006 e
899 1963 953 2008 nec
972 1945 1006 2007 Β.
1022 1944 1162 2009 Hilarium
1177 1967 1231 2029 op-

244 2055 318 2109 tasse
330 2046 469 2109 miremur
486 2068 501 2108 a
517 2056 549 2109 ut
558 2048 610 2111 sibi
625 2048 815 2111 ministerium
829 2049 1014 2112 confessionis
1026 2056 1087 2112 suat
1101 2049 1230 2115 Decianis

247 2172 262 2212 t
283 2152 451 2216 Neronianis
460 2172 493 2216 ve
508 2153 685 2235 temporibus
700 2152 830 2233 explesse
842 2151 1009 2231 contigisset
1022 2154 1080 2233 (b).
1099 2173 1114 2214 a

281 2256 383 2339 Pejora
400 2256 508 2319 scilicet
521 2256 654 2319 Ecclesiae
670 2274 770 2319 secura
784 2274 850 2337 par,
866 2256 951 2317 etiam
965 2256 1082 2319 incertae
1094 2256 1227 2334 induciae,
1302 2299 1306 2305 .

243 2364 359 2427 arbitrio
368 2362 528 2444 principum
542 2361 685 2425 interdum
697 2379 852 2437 concessae,
866 2359 1060 2437 minabantur,
1071 2362 1156 2442 quam
1166 2360 1227 2423 bel·

242 2469 312 2532 licus
328 2468 376 2530 ille
388 2467 617 2549 persecutionum
634 2473 802 2549 apparatus:
818 2466 922 2548 nempe
939 2484 987 2544 ne,
1002 2465 1121 2529 remotis
1136 2466 1226 2529 uirtu-

242 2582 301 2637 tum
313 2573 514 2651 incitamentis,
531 2572 667 2654 pristinus
679 2572 773 2635 fervor
787 2571 817 2632 in
832 2571 970 2633 desidiam
981 2571 1147 2649 declinaret,
1158 2589 1230 2635 neve

241 2676 396 2739 infidelium
411 2676 527 2738 admixti
542 2676 681 2752 moribus,
697 2676 737 2736 nil
751 2676 788 2739 de
803 2677 894 2759 patria
909 2676 1058 2738 seueritate
1070 2670 1229 2736 'Christiani

244 2788 390 2842 servarent
402 2780 558 2858 integrum.
574 2778 636 2841 Non
652 2779 741 2855 enim,
757 2786 789 2841 ut
803 2779 864 2859 ipse
879 2778 1015 2840 docuerat
1023 2775 1191 2859 Septimius,
1203 2779 1228 2839 si

242 2881 371 2947 Christus
384 2900 451 2943 suos
465 2882 606 2957 seculum,
621 2882 707 2942 idest
722 2881 812 2941 seculi
833 2880 1075 2961 concupiscentias
1091 2898 1229 2961 respuere

239 2986 335 3066 jussit,
350 2985 414 3047 ideb
429 2992 517 3046 caetus
530 2983 691 3059 bominum,
707 2982 853 3063 civilisque
872 2981 937 3043 ritae
950 2982 1052 3061 officia:
1062 2981 1230 3047 Christianis

244 3089 376 3169 fugienda
390 3094 489 3151 erunt:
506 3087 604 3168 paucis
623 3086 651 3148 in
666 3085 848 3148 solitudinem
863 3085 980 3162 uocatis,
995 3083 1088 3166 iisque
1101 3086 1224 3150 debitam

245 3196 371 3255 humano
385 3194 494 3273 generi,
511 3192 620 3275 patriae,
636 3192 706 3270 suis,
721 3188 947 3261 benevolentiam
962 3192 1066 3252 ernardo
1080 3192 1228 3256 exsolven-

245 3298 336 3376 tibus,
358 3305 447 3361 totam
469 3298 630 3361 christianae
652 3297 743 3377 gentis
764 3296 882 3373 molem,
907 3295 1054 3377 ipsamque
1074 3297 1227 3362 Ecclesiam

245 3403 319 3466 Deus
333 3402 362 3464 in
382 3403 489 3465 mundo
506 3403 609 3483 degere
627 3402 725 3480 uoluit,
743 3406 775 3464 ut
792 3408 886 3463 essent
906 3401 952 3482 qui
971 3402 1134 3466 hominibus
1154 3405 1229 3467 inter

244 3508 345 3569 liuctus
364 3507 427 3569 vitan
442 3524 495 3589 per
516 3501 622 3570 coccam
642 3524 771 3570 errorum
793 3514 906 3571 noctem
919 3508 1049 3587 jactatis,
1065 3508 1164 3571 lumen
1178 3528 1227 3572 ac-

245 3629 360 3675 censum
376 3618 549 3692 portumque
563 3618 693 3693 apertum
708 3611 902 3674 ostenderent.
913 3609 1037 3673 Proinde
1051 3611 1228 3674 Christianus

246 3716 350 3793 omnia,
367 3714 469 3796 quibus
481 3714 638 3777 bominum
659 3715 733 3777 inter
748 3735 779 3779 se
795 3717 916 3780 societas
939 3716 1113 3795 continetur,
1129 3717 1227 3779 munia

277 3892 312 3956 (l)
327 3893 364 3944 Ac
377 3898 512 3959 martyras,
527 3906 598 3957 pass.

283 3982 317 4049 (2)
331 3984 434 4050 being.
449 3986 475 4035 in
489 3998 600 4049 perseo,
615 3984 628 4048 5
644 3986 668 4034 t.

281 4070 315 4138 (5)
331 4074 362 4124 l).
376 4075 437 4139 Gyp.
452 4075 485 4127 ad
494 4081 599 4139 martyr.
614 4080 641 4125 ct
655 4072 824 4127 confessores.

280 4166 312 4230 (t)
329 4166 406 4219 llilar.
418 4168 444 4217 in
458 4166 588 4218 Constant.
