3200 5067
361 455 377 503 l
642 448 682 501 DE
701 450 731 512 Q.
750 450 776 501 S.
795 450 824 499 Β.
843 447 1063 501 testulutum

360 576 418 631 tur.
440 563 562 627 llludiu
591 580 719 647 praesens
744 582 920 628 memorasse
944 564 1013 627 sctis
1030 564 1131 642 luerit,
1161 564 1340 646 Septimium,

359 670 435 733 circi
458 669 584 733 medium
609 668 673 733 vitm
694 670 828 734 humanm
857 676 980 752 ternpus,
1007 668 1143 745 Montani,
1171 668 1285 747 Priscu,
1315 676 1343 730 et

359 774 518 837 Maximillae
538 772 656 837 somniis
677 773 840 855 deceptum,
862 774 899 836 ad
919 773 1062 851 heresim,
1084 774 1182 837 relicti
1201 771 1345 835 catholicoe

359 876 486 941 ecclesie
500 877 619 953 unitate,
634 874 796 939 descivisse.
818 875 959 938 ῦοιιιίιιιιὸ
975 883 1034 938 tota
1047 876 1100 937 riri
1120 876 1234 937 evanuit
1246 883 1346 937 aucto·

359 982 446 1057 ritcs;
467 997 560 1059 neque
574 979 649 1041 enim
665 978 755 1039 ullum
769 977 874 1058 impie·
886 978 961 1055 fuge
978 979 1112 1038 comitem
1126 978 1260 1041 hahuisse
1274 979 1346 1057 legi·

360 1102 435 1145 mus.
452 1081 687 1143 Certioootlremo
702 1080 790 1145 audiit
805 1080 865 1159 (l),
880 1079 986 1156 etipse
999 1077 1135 1157 loquitur,
1150 1098 1347 1162 censuramque

359 1185 480 1247 diuinum
495 1182 627 1259 incurrit,
642 1182 804 1252 mccimum,
822 1180 911 1263 ipsius
925 1180 1069 1260 quondum
1086 1180 1240 1259 sententie,
1256 1187 1344 1261 nitori

355 1289 457 1369 judicii
475 1288 674 1369 prejudicium,
700 1305 761 1347 com
782 1286 824 1347 ild
842 1285 996 1366 deliquisset
1016 1293 1046 1347 ot
1065 1304 1083 1346 o
1100 1286 1345 1348 communicatione

360 1392 503 1463 orotioois,
531 1400 557 1454 et
578 1396 733 1468 cooocottlo,
757 1397 783 1451 et
808 1391 897 1452 omnic
918 1390 1008 1451 coocti
1031 1391 1189 1452 commercii
1207 1390 1345 1471 relcuom«-

360 1504 407 1557 tur
419 1496 479 1576 (t).
492 1494 591 1572 llultu,
601 1492 725 1557 Ecclesil
735 1492 867 1571 extorris,
877 1510 959 1557 norm
965 1492 1121 1576 discipline
1130 1493 1344 1569 confirmante,

358 1599 615 1681 impugnandcequc
628 1597 694 1660 fidei
707 1599 853 1679 quondam
867 1617 939 1674 suae,
953 1598 1085 1681 scripsit,
1103 1596 1181 1675 dein,
1196 1617 1233 1661 uc
1245 1598 1275 1660 in
1288 1616 1347 1661 uno

361 1702 476 1785 quidem
490 1720 588 1765 errore
598 1708 743 1780 constans,
758 1704 911 1786 omnisque
921 1703 1098 1766 auctoritatis
1109 1702 1271 1785 irnpotieus,
1282 1720 1349 1785 pro·

362 1808 453 1891 priam
476 1806 584 1871 induxit
603 1805 880 1872 Tertullianistarum
895 1806 1014 1887 sectum,
1031 1828 1154 1891 quorum
1167 1808 1302 1890 reliquias
1317 1808 1346 1869 in

360 1913 454 1980 tllricd
467 1906 594 1975 inventos
612 1911 646 1973 Il.
662 1912 839 1992 Augustinus
854 1913 968 1976 tandem
982 1912 1013 1975 in
1028 1913 1196 1975 catholicum
1207 1913 1345 1975 unitatem

361 2018 480 2099 recepit.
506 2016 546 2079 lte
561 2016 659 2079 ultimi
680 2017 728 2079 illc
752 2016 881 2097 Septimii
900 2017 1058 2079 mutatione
1080 2018 1120 2079 nil
1134 2018 1209 2080 eliud
1226 2017 1346 2099 usquein

363 2122 541 2205 reperimus,
562 2139 676 2203 neque,
703 2129 754 2182 ant
775 2120 867 2201 qualis
889 2120 975 2182 luerit
995 2120 1176 2183 llontcnismi
1199 2120 1349 2201 abjiciendi

363 2243 459 2301 causa,
484 2231 542 2285 erit
554 2222 668 2304 qualem
691 2220 802 2285 dederit
820 2220 1036 2283 Tertullianistis
1056 2222 1203 2304 propriam
1215 2223 1349 2286 credendi

363 2328 492 2408 regulam
513 2327 655 2389 estimare
677 2326 707 2387 in
723 2331 860 2407 promptu
880 2331 935 2401 est,
954 2325 1021 2386 culm
1035 2324 1123 2407 ipsius
1136 2326 1241 2407 scripto
1255 2326 1350 2389 dehis

364 2432 480 2495 omnino
493 2430 643 2495 reticeant.

404 2534 479 2599 Vixit
500 2554 592 2616 usque
616 2535 652 2597 cd
675 2541 831 2597 extremam
854 2541 1044 2612 senectutem,
1066 2552 1160 2615 neque
1182 2533 1348 2611 Ecclesiam,

366 2640 479 2724 publici
492 2638 687 2702 contristatum
701 2637 853 2719 apostasii,
870 2637 982 2718 publici
998 2638 1120 2701 soletum
1133 2656 1196 2700 esse
1209 2636 1351 2719 omniten-

365 2744 404 2806 tie
424 2743 567 2821 eudimus,
587 2760 653 2805 cum
672 2749 767 2804 tomen
788 2741 860 2803 tanti
879 2748 996 2823 tamque
1014 2741 1102 2803 lclicis
1121 2742 1241 2805 erentds
1253 2740 1351 2805 letitia

368 2850 491 2931 aliquam
514 2850 559 2911 sui
583 2848 751 2911 memoriam
775 2847 806 2910 in
826 2845 1022 2910 ecclesiasticis
1048 2845 1352 2909 annalibus'relicturc

367 2954 464 3017 luerit.
479 2953 633 3031 Caetcrdm,
649 2953 719 3035 quid
732 2950 762 3015 in
777 2951 881 3015 cnimae
891 2952 1012 3033 jamjam
1027 2952 1180 3015 evolaturae
1200 2950 1352 3033 penetrali·

368 3061 421 3121 bos
436 3065 547 3139 gestum
561 3057 657 3135 suerit,
674 3056 776 3138 quidue
792 3056 828 3118 dc
840 3056 888 3120 itm
901 3056 953 3119 Dei
966 3055 1169 3119 misericordie
1178 3055 1353 3137 justitioque

368 3162 517 3243 placuerit,
532 3179 588 3223 nco
601 3179 654 3224 nos
666 3161 807 3238 novimus,
821 3178 875 3222 nec
889 3160 939 3221 ulli
954 3160 998 3222 las
1011 3160 1163 3240 conjicere.
1310 3145 1313 3151 ¹

311 3274 313 3278 ·
411 3264 504 3343 Nunc,
530 3264 553 3325 si
577 3282 672 3326 mores
692 3262 817 3325 hominis
831 3263 942 3344 plenids
958 3282 1131 3342 cognoscere
1143 3264 1225 3342 libet,
1238 3265 1274 3326 ud
1290 3264 1353 3344 ejus

370 3366 459 3429 libros
476 3365 591 3442 accede,
616 3373 644 3428 ct
666 3384 723 3446 quo
744 3365 856 3428 dicendi
876 3385 982 3444 genere
1001 3366 1038 3428 sit
1056 3386 1125 3430 usus
1144 3367 1294 3446 diligenter
1307 3366 1353 3427 in-

371 3479 472 3535 tuere:
495 3469 638 3533 nemiuem
662 3471 738 3533 enim
757 3456 900 3553 umquemv
915 3472 1040 3534 extitisse
1058 3473 1226 3536 crediderim
1241 3473 1353 3555 scriptis

371 3575 430 3637 suis
447 3573 625 3653 similiorem,
650 3583 700 3638 aut
713 3576 742 3638 in
764 3595 821 3659 quo
841 3576 980 3639 notissimi
994 3577 1090 3640 illius:
1106 3579 1193 3658 stylos
1210 3579 1289 3639 tomo
1301 3584 1348 3646 cot.

371 3679 474 3742 vontus
488 3678 577 3759 magis
592 3680 713 3743 eluceat.

414 3781 558 3855 Quaercnti
580 3802 644 3864 quoe
662 3783 777 3847 tandem
791 3783 872 3847 dotes
886 3783 981 3847 Nostri
994 3801 1155 3848 sermonem
1174 3781 1354 3847 doctissimo·
1428 3868 1434 3878 υ

405 4007 440 4075 (l)
455 4009 491 4060 lle
503 4008 596 4073 icium,
610 4010 622 4073 ς
638 4010 661 4061 l.

407 4098 443 4165 (Ξ)
457 4100 624 4165 ΑρρΙοςειὶι.,
643 4099 655 4163 i
671 4100 712 4151 59.
