3200 5067
484 465 668 517 orusounuu
686 466 945 520 unrrnsounrcun.
965 447 970 453 ”
1175 471 1209 521 ru

227 576 364 639 consultis
378 582 407 639 ct
420 577 574 659 plebiscitis
588 580 721 660 rescripto
733 581 893 661 principum
905 581 971 660 legis
985 581 1116 645 tinemut
1129 585 1206 665 rign-

225 697 302 752 renn;
314 686 343 741 ct
352 679 522 763 plerumque
533 688 635 743 notum
650 682 742 745 illud:
757 684 798 745 sic
812 684 878 753 uolo,
894 685 934 747 nic
941 686 1033 765 iuben,
1048 689 1084 749 sit
1094 710 1147 771 pro
1157 710 1207 753 rn-

225 784 300 845 tione
316 784 449 855 notorius.
468 786 542 867 apud
565 788 641 849 orbis
663 785 783 850 Romani
810 787 943 851 dominos
965 790 1120 854 obtinebat.
1136 792 1208 857 Huic

225 904 323 951 rerum
338 890 433 967 statui,
449 908 500 971 per
514 908 608 971 *quem
627 890 748 973 publicae
769 893 913 974 potestati,
929 893 987 958 sire
1001 913 1017 956 a
1032 896 1126 978 plebe,
1149 898 1208 959 sire

226 990 262 1053 ab
280 992 475 1073 optimatibus,
490 993 549 1057 sive
566 1013 664 1073 aroge
687 1002 878 1074 exerceretur,
893 998 942 1078 jus
960 1017 1128 1081 supremum
1146 1010 1209 1063 erat

225 1098 261 1159 de
275 1097 406 1160 omnibus
420 1098 458 1160 ita
476 1098 645 1161 decernendi
659 1106 709 1178 ut,
730 1108 795 1183 post
808 1100 894 1163 latam
909 1101 946 1163 ab
959 1102 1007 1165 illa
1022 1106 1205 1184 sententiam,

225 1221 309 1264 causa
324 1202 439 1265 omnind
454 1203 531 1267 finita
547 1212 632 1283 asset,
652 1210 728 1268 tanta
740 1224 772 1269 se
788 1206 922 1270 facilitate
940 1208 1070 1272 Romana
1084 1209 1206 1275 Numina

117 1298 121 1305 '
223 1308 487 1389 accommodabant,
511 1318 544 1373 nt
563 1308 691 1392 publicos
713 1311 866 1389 religiones
883 1314 1019 1393 moquim
1040 1334 1105 1377 rem
1123 1335 1206 1379 suam

222 1410 282 1492 ipsa
303 1412 400 1475 civitas
422 1420 471 1475 aut
493 1412 554 1495 ipse
574 1413 705 1495 princeps
728 1411 972 1475 administrarent.
987 1414 1105 1492 Verdm,
1126 1425 1207 1495 post-

223 1517 309 1596 quim
327 1535 390 1581 sese
404 1535 456 1599 per
468 1535 568 1579 omncs
588 1534 715 1579 romanae
733 1514 849 1579 ditionis
865 1521 961 1579 terras
982 1538 1054 1582 nora
1075 1520 1205 1601 quandam

222 1620 374 1683 insinuavit
393 1621 552 1703 disciplina,
573 1627 688 1682 aeternae
706 1620 778 1703 legis
790 1620 902 1683 tabulas
922 1623 1054 1701 afferens,
1069 1623 1106 1687 de
1119 1624 1214 1703 eoelo,

222 1743 280 1787 non
304 1726 340 1787 de
359 1724 479 1805 Olympo
502 1724 643 1805 delapsas,
664 1722 716 1787 Ilei
737 1742 837 1801 runnu,
858 1743 917 1787 non
930 1726 1067 1790 fabulose
1085 1726 1206 1812 alicujus

222 1829 334 1909 Egeriae
347 1830 533 1910 conscriptas,
547 1829 699 1910 postquam
722 1828 812 1907 ignoti
831 1828 933 1891 infima
954 1830 990 1892 de
1012 1829 1096 1913 plebe
1108 1831 1205 1893 bomi-

223 1932 398 2011 nes,se1leo
407 1933 500 2014 petbus
513 1934 599 2015 quim
613 1932 777 1996 bominibus
789 1950 893 2015 parere
906 1932 1028 2015 professi
1044 1940 1125 2013 sunt,
1141 1935 1208 2017 quis

222 2056 279 2099 non
295 2036 386 2099 videat
406 2044 544 2118 quantum
566 2036 666 2126 exinde
687 2031 851 2100 detrimenti
870 2037 1032 2120 principum
1052 2040 1207 2103 auctoritas

222 2140 407 2219 sustinuerit?
422 2141 468 2203 cui
481 2141 602 2215 antebac
624 2158 777 2222 supremae,
799 2139 829 2201 in
849 2142 1008 2203 secundum
1019 2142 1080 2224 jam
1095 2142 1204 2222 focum,

219 2243 416 2325 secundasque
435 2255 531 2325 partes
549 2243 602 2306 fuit
623 2243 849 2308 concedendum.
872 2243 975 2318 Quisve
999 2245 1120 2309 miretur
1139 2247 1205 2310 illos

220 2353 253 2411 ed
274 2357 370 2412 mente
391 2349 489 2428 fuisse,
512 2356 549 2411 ut·
566 2356 693 2430 ereptam
717 2348 772 2411 sibi
793 2356 962 2431 potestatem
981 2360 1203 2433 recuperarent,

219 2472 373 2536 poenasque
387 2454 422 2517 dc
436 2452 622 2515 audacissima
634 2452 754 2515 frodone
764 2452 920 2531 exigerent,
933 2473 999 2534 que
1010 2456 1069 2519 suis
1078 2456 1204 2539 legibus,

219 2559 271 2620 etsi
284 2556 379 2623 Cesar
393 2556 596 2640 prohibuisset,
611 2555 770 2637 parendum
785 2556 977 2637 praedicabat?
990 2558 1060 2621 lndd
1071 2560 1145 2623 forte
1159 2572 1204 2626 est

219 2664 296 2744 qubd
318 2662 425 2725 summi
446 2670 515 2725 tunc
538 2660 676 2743 temporis
706 2661 782 2742 apud
812 2660 957 2724 Romanos
985 2664 1201 2745 iurisconsulti,

218 2766 304 2833 iidenr
319 2765 491 2829 infestissimi
515 2765 596 2827 luere
618 2762 845 2827 Christianorum
859 2772 1017 2844 vexatores,
1041 2767 1117 2847 odio,
1138 2771 1201 2852 opi-

218 2890 283 2951 nor,
313 2872 375 2953 ejus
397 2868 467 2949 legis
496 2868 567 2933 moti
590 2886 676 2949 quam
699 2884 760 2929 suae
783 2867 916 2928 aemulam
943 2887 1008 2931 esse
1028 2871 1201 2935 sentiebant.

218 2974 276 3037 Nec
292 2992 355 3037 earn
374 2974 453 3035 litem
474 2971 634 3035 Christiana
658 2969 712 3031 sub
734 2967 919 3030 Constantino
939 2969 1056 3033 victoria
1082 2974 1112 3035 in
1138 2994 1201 3057 per·

218 3088 337 3162 petuam
362 3079 500 3142 diremit:
526 3078 669 3159 saepeque,
697 3074 914 3157 insequentibus
937 3075 1061 3155 saeculis,
1074 3078 1203 3143 animad-
1279 3140 1286 3152 ,

217 3191 329 3247 vertere
342 3180 395 3246 fuit
412 3188 532 3265 quantas
553 3180 640 3243 civilis
666 3180 740 3261 juris
763 3178 860 3261 periti,
880 3177 1049 3262 judicesque
1069 3182 1203 3249 humanis

217 3290 407 3357 tribunalibus
428 3288 582 3351 insidentes
603 3306 667 3349 cum
685 3286 822 3363 Ecclesia,
839 3284 926 3348 divini
945 3284 1021 3367 juris
1033 3285 1200 3369 interprete,

217 3402 349 3477 gererent
375 3394 545 3458 inimicitias.
568 3392 649 3471 Nec,
673 3392 697 3455 si
719 3391 857 3473 Ulpianus
879 3388 1070 3455 Christianum
1094 3410 1200 3457 nomen

217 3501 328 3581 penitds
341 3500 435 3564 delere
444 3499 567 3577 studuit,
583 3497 757 3561 recentiores
770 3497 838 3557 verb
852 3493 988 3558 Ecclesia
1006 3502 1116 3560 mnurm
1136 3516 1200 3560 ma-

216 3604 293 3667 nicas
307 3606 426 3687 injicere
439 3604 532 3667 conati
545 3607 622 3681 sunt,
633 3620 692 3665 non
706 3601 804 3664 eadem
820 3619 906 3663 causa
919 3600 1013 3662 varios
1026 3600 1057 3662 in
1071 3602 1200 3682 utrisque

127 3762 131 3767 .
216 3708 317 3773 edebat
332 3711 458 3773 eftectus.
481 3708 658 3789 Quamquaim
677 3704 746 3788 quid
767 3703 860 3767 varios
878 3702 953 3782 dico,
972 3703 1052 3785 quasi
1066 3702 1200 3767 Christia-

216 3832 285 3875 num
308 3832 412 3877 nornen
434 3813 530 3875 delere
547 3830 606 3876 non
628 3815 729 3893 pergat
750 3808 881 3889 quisquis
899 3806 1022 3868 rimant
1040 3806 1155 3870 insidias
1168 3808 1199 3871 in

216 3916 349 3979 Ecclesiae
361 3916 522 3979 libertatem
537 3914 713 3978 meditatur?

257 4019 327 4083 Culm
344 4019 429 4101 igitur
439 4021 515 4083 idern
526 4022 640 4102 utrique
653 4017 887 4100 aggrederentur,
897 4017 996 4081 eadem
1008 4031 1121 4098 quoque
1134 4031 1199 4075 om-

216 4126 304 4190 nibus
315 4127 343 4189 in
356 4126 533 4207 temporibus
546 4125 680 4189 aduersds
696 4123 848 4186 Ecclesiam
862 4123 1043 4203 jactitarunt:
1060 4116 1154 4181 omnia
1170 4116 1198 4180 iu
