3200 5067
395 435 427 484 dd
664 433 705 484 nn
723 434 753 496 Q.
771 434 796 484 S.
818 436 845 484 F.
862 434 1081 486 runwthtnno

394 547 511 610 animoli
526 547 586 628 (t),
603 549 746 610 secundus
762 549 866 628 gradus
879 548 1033 630 displiceat,
1057 550 1200 630 quamque
1218 550 1369 630 indignan-

393 661 437 715 ter
462 653 515 715 sibi
534 653 578 715 vel
598 651 746 714 minimam
765 659 875 735 partem
889 655 953 735 ejus
966 657 1023 735 qua
1038 654 1128 716 utitur
1141 655 1278 735 quidlibet
1301 676 1368 720 sen·

390 756 479 820 tiendi
495 757 631 820 libertatis
645 757 754 820 detrahi
767 758 906 839 patiatur3
922 761 1028 840 quanto
1039 759 1129 838 magis
1140 763 1291 839 magnam!

394 921 397 926 .
431 862 472 925 Ex
485 863 529 924 bis
544 861 636 941 colligi
645 867 841 942 potestveram
854 861 1075 944 philosophiam,
1088 883 1151 944 quae
1161 865 1178 926 a
1187 864 1223 927 Β.
1232 867 1366 929 Aruselmo

391 966 456 1045 fidos
469 963 635 1025 intellectum
648 981 782 1044 querens,
797 963 904 1044 optimo
917 965 1033 1026 nomine
1047 965 1121 1028 dieta
1133 972 1176 1028 est
1193 966 1260 1047 (nec
1272 969 1366 1031 minds

391 1071 456 1152 apte
468 1069 620 1131 intellectus
632 1087 756 1149 qrtoercnc
768 1070 861 1147 fidon,
879 1071 956 1151 saepe
968 1072 1127 1152 nuncupari
1143 1074 1263 1153 potest),
1277 1094 1366 1156 usque

390 1176 427 1238 ad
441 1174 566 1258 Septimii
579 1181 719 1254 tempora,
741 1182 790 1236 aut
804 1173 929 1254 ignotam
941 1174 1037 1254 luisse,
1059 1177 1239 1257 autjacuisse
1252 1180 1367 1258 neglec-

390 1288 459 1342 tam.
472 1279 585 1352 Quodsi
596 1278 755 1356 Bossuetio,
774 1285 839 1359 post
852 1285 894 1340 tot
907 1278 1040 1359 legitimae
1052 1281 1237 1362 philosophiae
1251 1284 1364 1361 saecula,

390 1386 541 1467 postquam
553 1384 717 1460 Anselmus,
740 1391 769 1446 ct
782 1383 905 1447 lbomas
918 1385 1044 1466 hquinas
1063 1386 1094 1448 in
1112 1387 1237 1450 Ecclesia
1255 1388 1366 1452 clarue-

388 1497 466 1568 runt,
477 1488 682 1572 philosophiam
696 1495 804 1566 tamen,
813 1487 857 1549 his
868 1506 933 1570 qua
947 1491 1168 1552 memoravimus
1185 1492 1291 1569 verbis,
1302 1511 1366 1555 car-

391 1615 460 1678 pere
473 1594 563 1672 licuit,
579 1613 630 1656 cur
646 1592 799 1674 Septimius
813 1592 1000 1673 vituperetur,
1021 1595 1098 1675 quod
1121 1595 1166 1657 dc·
1177 1594 1302 1658 adultera
1320 1598 1365 1659 sui

389 1700 525 1783 temporis
548 1697 686 1781 sapientie
706 1697 790 1778 paulb
809 1697 926 1759 liberius
947 1699 1116 1762 sententiam
1134 1718 1217 1762 suam
1237 1701 1366 1764 declara-

388 1805 481 1869 verit?

427 1910 457 1974 si
476 1908 582 1992 aliquid
604 1908 690 1970 locuti
712 1927 823 1985 sumus,
843 1926 901 1970 non
915 1907 1054 1970 civitatem
1066 1908 1145 1970 illam
1160 1910 1255 1973 amisit
1267 1910 1364 1992 Septi-

387 2016 461 2078 mius
483 2031 569 2096 quam
591 2012 663 2074 nulli
682 2011 767 2075 adimi
788 2012 829 2074 las
852 2018 911 2089 est,
934 2011 990 2074 nisi
1016 2012 1097 2093 quis,
1120 2013 1261 2076 rationem
1282 2033 1366 2078 exse-

387 2121 503 2196 crando,
525 2121 586 2201 ipse
606 2116 659 2180 sibi
678 2120 750 2197 aqua
773 2123 802 2179 at
826 2117 938 2195 igneio
958 2116 1193 2198 philosophorum
1219 2118 1364 2200 republica

386 2224 587 2288 interdixerit:
617 2240 670 2283 nec
697 2222 803 2284 trustra
829 2221 866 2283 dc
890 2221 960 2298 beo,
991 2222 1083 2298 denua
1111 2222 1235 2284 bumana
1259 2227 1365 2284 natura

389 2313 515 2410 (quaudo
538 2328 600 2388 haec
622 2325 828 2407 philosophiam
851 2327 911 2388 lert
924 2332 1013 2388 totam
1025 2326 1184 2405 continent)
1202 2326 1365 2406 interroga-

387 2433 474 2497 bitur.

426 2538 462 2600 ll.
484 2537 525 2600 De
543 2537 610 2600 Deo.
636 2571 674 2585 -
690 2537 765 2600 [teus
784 2536 950 2600 naturaliter
969 2544 1055 2600 nouus
1069 2544 1124 2613 est,
1145 2555 1204 2598 non
1221 2543 1315 2599 tamen
1328 2554 1365 2598 co

386 2644 471 2706 modo
490 2663 546 2725 quo
561 2643 690 2720 visibilia,
713 2660 807 2724 neque
826 2640 864 2704 ita
877 2649 909 2704 ut
924 2641 960 2704 ad
974 2660 1052 2719 eum,
1068 2641 1146 2703 nulla
1160 2641 1215 2703 alia
1224 2641 1365 2704 mediante

386 2747 495 2826 notitia,
514 2747 586 2811 ratio
600 2747 734 2810 accedere
751 2747 852 2824 valcat,
877 2746 921 2808 vel
930 2746 1054 2827 aliquam
1062 2764 1143 2827 spero
1156 2744 1257 2810 diviua
1266 2763 1365 2807 essen·

385 2853 431 2916 tiae
452 2851 563 2932 penitus
585 2849 786 2932 perspiciendae
804 2850 973 2912 habeamus.
1004 2849 1115 2931 Quippe
1135 2868 1169 2913 ea
1192 2856 1236 2912 est
1256 2849 1361 2910 summi

384 2959 480 3038 magni
494 2966 605 3036 natura,
627 2965 670 3035 ut,
695 2975 788 3038 neque
802 2955 909 3020 nesciri
924 2955 1052 3033 omninb,
1075 2974 1168 3037 neque
1182 2955 1265 3037 plene
1278 2954 1365 3016 intel-

385 3065 433 3144 ligi
452 3065 552 3148 possit.
575 3065 675 3143 Igitur,
699 3082 788 3145 quum
806 3081 861 3126 nos
877 3062 1019 3140 ingenitus
1037 3062 1152 3142 quidam
1163 3062 1314 3124 instinctus
1326 3061 1362 3122 ad

384 3170 461 3232 illam
477 3170 538 3234 vitae
554 3177 659 3232 nostrae
677 3168 816 3247 originem
834 3168 877 3230 vel
891 3167 992 3229 invitos
1009 3167 1144 3244 retrahat,
1159 3185 1216 3228 nou
1233 3167 1297 3228 ideo
1309 3183 1363 3247 per

385 3292 417 3337 se
439 3273 534 3334 statim
556 3280 656 3334 notum
676 3272 804 3335 dicemus
830 3292 846 3332 a
872 3271 921 3353 qui
944 3277 1031 3334 totam
1053 3271 1159 3334 molem
1178 3271 1272 3348 istam
1295 3289 1360 3333 cum

267 3439 270 3454 ,
388 3374 503 3438 «omni
526 3375 713 3438 instrumento
742 3376 965 3454 elementorum,
987 3394 1158 3458 corporum,
1185 3375 1359 3458 spirituum,

388 3500 403 3542 e
425 3478 510 3543 verbo
525 3497 581 3560 quo
592 3479 687 3559 jussit,
709 3480 820 3542 ratione
834 3484 891 3560 qud
903 3480 1050 3562 disposuit,
1073 3480 1176 3543 virtute
1188 3482 1244 3561 qua
1255 3478 1358 3560 potuit,

387 3605 402 3645 a
425 3585 460 3647 de
476 3582 563 3648 nihilo
578 3582 725 3665 expressit,
745 3583 775 3644 in
789 3591 990 3646 ornamentum
1010 3585 1164 3665 majestatis
1184 3602 1243 3646 suae
1257 3583 1317 3663 (t).
1341 3603 1357 3644 o

385 3690 413 3754 Si
428 3708 538 3773 quaeras
554 3689 630 3752 unde
642 3689 678 3752 ad
692 3689 772 3752 illum
786 3696 882 3771 pateat
896 3707 1036 3765 accessus,
1063 3709 1078 3749 a
1102 3690 1119 3749 a
1137 3687 1292 3769 primordio
1314 3692 1360 3747 re

387 3816 402 3856 ‹
424 3814 490 3858 rum
504 3795 632 3858 conditor
646 3813 756 3873 carum,
779 3814 845 3857 cum
858 3794 926 3875 ipsis
939 3794 1045 3876 pariter
1058 3799 1219 3873 compertus
1240 3799 1294 3869 est,
1314 3791 1360 3872 ip-

418 4025 454 4088 tt)
468 4025 548 4086 Tert,
563 4025 595 4078 de
610 4025 667 4086 hu,
684 4025 696 4087 5
713 4026 736 4076 t.

417 4117 453 4180 tl)
466 4115 550 4184 Apol,
565 4116 579 4180 5
593 4117 635 4168 tl.
