3200 5067
402 457 433 504 nt
677 451 718 500 Ol]
736 451 764 512 Q.
783 451 810 500 S.
829 448 857 499 F.
875 446 1094 500 rannntttnno

404 588 419 627 a
441 539 593 647 Apostolos
616 563 740 644 expellit,
762 563 898 624 latrantes
915 563 945 622 iu
965 561 1056 624 Oeum
1075 559 1216 622 tentatis!
1233 559 1302 622 Hac
1315 569 1383 652 sunt

402 690 418 731 ‹
442 665 717 748 argumentationum
732 683 795 726 ossa
810 683 874 744 quae
887 663 1044 726 obroditis:
1057 662 1132 723 -si
1146 661 1223 727 Deus
1235 661 1341 740 bonus,
1355 672 1384 726 et

404 793 419 832 u
441 770 576 853 praescius
590 768 690 845 lutari,
705 776 734 830 et
748 768 893 831 avertendi
906 767 974 828 mali
987 774 1100 848 potens,
1116 767 1168 827 eu'r
1180 766 1339 843 hominem,
1354 775 1383 828 et
1411 777 1414 780 ’

404 895 419 935 u
441 873 555 956 quidem
577 871 729 949 imaginem
748 888 842 948 suam,
866 855 968 951 passus
981 878 1025 930 est
1037 868 1094 930 labi
1113 868 1150 930 de
1163 867 1301 949 obsequio
1314 869 1384 947 logis

403 999 418 1040 a
441 980 471 1040 in
492 983 625 1052 mortem,
649 976 872 1038 circumuentum
890 977 907 1036 d
926 973 1060 1038 diabolo?
1079 973 1110 1037 Si
1136 973 1214 1034 enim
1230 973 1383 1050 othonus,

406 1105 420 1137 u
441 1081 491 1162 qui
510 1078 622 1140 evenire
640 1078 696 1140 tale
714 1077 781 1158 quid
802 1079 901 1155 nodet,
925 1086 954 1140 et
973 1077 1123 1160 praescius,
1144 1075 1193 1157 qui
1216 1084 1383 1138 eventurum

406 1206 421 1246 u
443 1203 500 1246 non
521 1184 675 1262 ignoraret,
689 1189 718 1244 et
729 1188 842 1263 potens,
859 1183 907 1262 qui
919 1182 1061 1263 depellere
1074 1181 1191 1257 ualeret,
1207 1165 1286 1241 nullo
1300 1180 1384 1242 modo

405 1307 420 1348 a
443 1285 581 1349 evenisset
604 1283 680 1365 quod
703 1283 757 1344 sub
771 1283 816 1344 his
833 1282 924 1346 tribus
936 1281 1146 1346 conditionibus
1164 1281 1266 1345 diuinae
1278 1283 1385 1362 majes-

407 1411 422 1452 e
444 1391 510 1452 tatis
527 1389 641 1452 evenire
664 1405 721 1448 non
742 1394 848 1468 posset.
865 1387 948 1460 Quod
967 1387 991 1449 si
1011 1385 1116 1463 euenit,
1131 1384 1293 1447 absolutum
1306 1388 1385 1448 este

406 1515 420 1556 o
445 1494 587 1556 contrarib
609 1491 700 1554 Deum
730 1508 825 1571 neque
848 1490 964 1552 bonumv
978 1489 1172 1566 credendum,
1191 1507 1289 1569 ‘neque
1311 1507 1385 1570 prae·

406 1619 420 1657 n
445 1598 547 1671 scium,
567 1613 660 1675 neque
674 1600 858 1676 potentem...

448 1721 463 1761 u
478 1699 629 1762 Videamus
641 1700 713 1776 ergb·
725 1697 850 1759 hominis
864 1696 1069 1775 conditionem,
1084 1716 1121 1761 ne
1134 1717 1188 1780 per
1200 1699 1279 1760 illam
1293 1697 1387 1778 potiris

408 1825 423 1864 r
445 1801 571 1865 evenerit
592 1801 669 1882 qnod
683 1819 735 1882 per
750 1800 841 1862 Deum
863 1801 978 1863 evenire
997 1820 1056 1863 uon
1075 1803 1177 1882 potuit.
1198 1789 1345 1877 liberum,
1359 1809 1387 1863 et

407 1929 422 1968 u
446 1907 491 1969 sui
505 1904 624 1982 arbitrii,
640 1910 670 1966 et
680 1922 740 1966 sum
753 1904 900 1985 potestatis
916 1904 1027 1967 inuenio
1044 1904 1190 1968 hominem
1202 1906 1220 1966 d
1234 1904 1293 1966 Deo
1304 1891 1390 1967 insti·⁴

408 2016 550 2086 «tutum,
568 2009 675 2070 nullam
690 2008 780 2086 magis
792 2008 1005 2070 similitudinem
1019 2008 1070 2070 Dei
1083 2009 1112 2070 in
1126 2028 1162 2071 eo
1173 2009 1387 2090 deprehendens

410 2132 424 2172 a
447 2113 532 2192 qoam
555 2110 693 2190 ejusmodi
714 2111 805 2171 statds
826 2110 959 2171 sormam.
983 2104 1065 2206 Hunc
1085 2117 1189 2173 statum
1206 2112 1269 2190 ejus
1282 2112 1386 2173 contir-

411 2235 425 2273 u
447 2214 533 2274 mavit
547 2213 630 2274 etiam
645 2212 707 2292 ipsa
721 2213 777 2288 lex,
792 2219 861 2274 tune
875 2214 891 2274 a
905 2213 963 2276 Deo
978 2214 1079 2294 posita.
1095 2214 1158 2275 Non
1172 2215 1247 2276 enim
1268 2232 1388 2295 ponere·

410 2336 424 2375 u
447 2322 495 2376 tur
513 2315 559 2377 lex
573 2315 600 2376 ei
621 2315 740 2394 quinon
756 2315 874 2378 haberet
893 2316 1063 2397 obsequium
1078 2317 1134 2395 legi
1150 2316 1278 2379 debitum
1292 2318 1323 2379 in
1335 2320 1388 2380 sua

411 2437 426 2477 c
448 2423 603 2500 potestate;
620 2436 673 2480 nec
687 2419 786 2480 rnrsris
800 2419 983 2481 comminatio
996 2421 1095 2482 mortis
1111 2421 1326 2499 transgressioni
1340 2423 1388 2484 ad-

411 2541 426 2582 a
450 2520 632 2599 scriberetur,
647 2522 670 2584 si
685 2535 742 2584 non
752 2530 780 2584 et
791 2531 969 2605 contemptus
979 2525 1091 2603 legis'in
1105 2524 1216 2587 arbitrii
1228 2525 1387 2589 libertatern

411 2645 426 2686 a
449 2625 557 2687 homini
570 2625 764 2720 deputaretur.

450 2751 465 2791 u
483 2729 550 2804 Sed,
559 2731 694 2811 quoniam
703 2732 731 2792 in
744 2731 799 2793 hoc
806 2734 868 2813 jam
878 2733 1260 2811 intelligimurebstrnentes
1266 2736 1385 2798 liberam

407 2856 424 2906 a
448 2835 571 2898 hominis
589 2842 756 2916 potestatem
778 2837 889 2899 arbitrii
907 2838 964 2915 sui,
985 2844 1018 2898 ut
1038 2839 1114 2919 quod
1127 2839 1230 2917 euenit,
1245 2859 1302 2902 non
1316 2840 1385 2918 lieo,

410 2958 424 2997 a
446 2938 497 3000 sed
512 2938 565 3019 ipsi
579 2938 681 3001 debeat
693 2940 876 3020 exprobrari3
898 2959 934 3001 ne
948 2947 976 3001 et
991 2947 1020 3001 tu
1031 2943 1092 3021 jam
1106 2942 1173 3004 hinc
1187 2962 1314 3024 opponas
1329 2964 1386 3007 non

410 3061 424 3100 a
447 3041 485 3102 m
499 3041 579 3104 inum
594 3041 701 3103 institui
715 3042 860 3119 debuisse,
875 3029 1388 3126 silibenasetpotostasarbitniext-

410 3164 425 3204 c
447 3145 520 3206 tiosa
531 3143 627 3207 lutui‘a
640 3151 729 3223 esset,
745 3147 800 3208 hoc
815 3166 928 3228 quoque
939 3149 1064 3229 primum
1074 3152 1222 3214 delendam
1233 3153 1270 3214 ita
1280 3155 1386 3216 institui

410 3268 424 3308 e
448 3249 596 3325 debuisse,
622 3254 678 3331 quo
700 3251 800 3312 sortiris
823 3255 1021 3317 commendem
1045 3257 1132 3318 etita
1155 3258 1335 3337 institutum,
1359 3267 1387 3325 et

410 3369 425 3408 <r
448 3350 532 3429 digne
548 3351 605 3413 Deo
617 3353 788 3431 institutum,
803 3355 914 3434 potiore
928 3360 1041 3420 ostensa
1053 3361 1087 3422 ea
1101 3363 1186 3423 causa
1197 3381 1262 3442 quae
1272 3363 1310 3424 ita
1322 3363 1386 3425 lecit

409 3473 423 3512 a
447 3454 565 3516 institui.

449 3577 464 3618 e
487 3557 641 3640 Oportebat
663 3558 752 3622 Deum
774 3565 922 3642 cognosci:
942 3565 1050 3628 bonum
1072 3568 1238 3651 boeotique
1255 3572 1386 3633 etratio-

408 3681 423 3722 e
446 3664 520 3726 nale.
539 3663 692 3746 Oportebat
713 3667 829 3746 dignum
851 3670 960 3751 aliquid
982 3690 1046 3735 esse
1065 3673 1142 3753 quod
1157 3673 1247 3735 Deum
1262 3692 1385 3752 cognos-

407 3785 421 3822 o
445 3772 540 3826 aeret:
557 3767 624 3847 quid
638 3770 694 3829 tam
709 3769 827 3846 dignum
843 3766 966 3853 prospici
980 3781 1087 3854 posset,
1104 3776 1190 3855 quam
1204 3775 1298 3854 imago
1315 3777 1385 3838 neit

408 3887 422 3926 a
445 3867 480 3930 Et
502 3869 557 3930 hoc
576 3869 684 3932 bonum
708 3873 768 3934 sine
789 3874 875 3936 dubio
898 3883 927 3938 et
948 3877 1096 3940 rationale.
1120 3878 1276 3959 Oportebat
1299 3880 1386 3958 igitur

406 3994 420 4031 a
444 3973 595 4052 imaginem
612 3976 674 4054 Dei,
697 3979 779 4040 libori
797 3981 906 4044 arbitrii
928 3991 958 4045 et
975 4004 1035 4048 suae
1053 3987 1201 4067 potestatis
1219 3987 1339 4064 institui,
1355 3988 1385 4049 in

405 4097 419 4134 a
442 4081 497 4161 qua
512 4079 565 4140 hoc
579 4082 684 4161 ipsum,
700 4082 793 4162 imago
808 4092 837 4146 et
849 4086 1003 4151 similitudo
1018 4088 1079 4167 Dei,
1095 4090 1318 4172 deputaretur...
1330 4091 1384 4154 Sed
