3200 5067
382 487 415 538 ea
661 483 702 536 nu
719 487 749 548 q.
769 485 795 534 s.
814 486 842 534 v.
861 484 1090 536 reuvuuuuuo
1188 452 1191 457 ’

381 602 430 664 dat
452 600 498 661 illa
520 599 561 661 vis
582 598 778 679 intimaque,
803 597 904 660 divinis
917 598 1106 679 humanisque
1119 598 1230 677 legibus
1243 599 1366 678 intensa,

382 704 506 767 libertati
525 703 610 764 struit
624 700 752 778 insidias,
769 707 915 782 totamque
928 701 1067 778 animam,
1078 701 1153 764 lrcul
1169 703 1256 765 nimis
1271 704 1369 768 ellicu-

382 809 464 887 citer,
479 808 508 869 in
522 805 762 890 prava-sollicitat.
779 804 860 868 Unde
874 813 951 867 muta
965 823 1035 867 cura
1049 805 1078 866 in
1091 804 1279 868 informandis
1298 808 1369 869 ado·

383 911 530 976 lescentuli
551 910 678 972 moribus
702 908 892 990 suscipienda,
916 909 981 970 dein
1003 909 1040 970 ab
1062 909 1138 989 ipso,
1160 908 1209 970 ubi
1230 911 1275 972 sui
1293 912 1369 991 juris

383 1018 501 1079 effectus
528 1021 583 1090 est,
608 1013 783 1088 exercenda,
810 1030 864 1072 nec
889 1011 938 1073 ulli
966 1014 1104 1092 umquam
1125 1013 1188 1074 sine
1203 1015 1368 1092 marusimo

383 1122 510 1202 periculo
525 1117 672 1198 neglectui
693 1118 769 1179 unde
790 1116 844 1198 ipsi
860 1116 956 1178 virtuti
975 1133 1081 1178 nomen
1097 1117 1233 1180 indictum
1250 1127 1294 1181 est
1310 1120 1368 1182 du·

382 1225 528 1287 tissimum
551 1221 659 1285 homini
673 1206 867 1301 praenuntiam
886 1221 1056 1284 certamen?
1078 1221 1153 1283 uude
1166 1221 1214 1283 illa
1224 1223 1287 1302 iam
1301 1223 1367 1285 trita

382 1347 514 1392 sermone
535 1326 701 1409 proverbia:
727 1325 839 1388 culcmu
860 1325 1024 1386 utilitatibus
1045 1326 1081 1387 ad
1102 1326 1200 1386 celum
1211 1327 1361 1406 perueniri,

316 1511 318 1514 Ι
381 1429 573 1514 difficillimum
594 1450 649 1491 cese
663 1433 707 1492 arti
721 1430 808 1510 ipairu
820 1431 983 1492 uictoriam?
1002 1432 1080 1496 unde
1101 1433 1163 1494 haec
1176 1439 1206 1494 et
1219 1432 1288 1508 alia,
1303 1451 1368 1513 quaa
1442 1451 1446 1457 ·

382 1535 490 1598 referre
510 1535 638 1613 longum,
656 1532 797 1594 enatura
816 1533 941 1594 humana
958 1535 1009 1595 sud
1024 1542 1136 1615 sponte,
1157 1537 1213 1598 leni
1237 1537 1367 1619 facilique

383 1655 481 1716 cursu,
499 1639 534 1699 ad
556 1637 642 1698 finem
660 1642 836 1717 exoptatum,
852 1643 884 1698 ut
898 1637 1000 1698 lluvius
1014 1639 1051 1700 ed
1064 1657 1155 1718 mare,
1172 1641 1319 1722 pervenit?
1334 1642 1365 1704 ln

382 1743 492 1806 lubrico
509 1741 666 1819 nascimur,
688 1741 876 1822 naturaleque
895 1759 948 1804 nos
969 1743 1080 1823 pondus
1098 1744 1236 1825 precipiti
1250 1745 1322 1808 clivo
1336 1746 1366 1807 in

383 1847 539 1930 perniciem
561 1846 657 1928 rapit:
681 1864 734 1908 nec
756 1846 882 1908 animam
905 1847 969 1908 navi
989 1849 1212 1930 comparaverim
1235 1850 1367 1913 omnibus

382 1953 452 2015 velis
464 1953 587 2014 faventes
600 1969 687 2020 auras
697 1948 859 2032 excipienti,
877 1950 1046 2033 placidaque
1057 1953 1148 2015 veloci
1155 1972 1242 2017 cursu
1250 1973 1365 2036 aequora

381 2060 503 2136 radenti,
525 2059 594 2122 dvlm
615 2057 689 2119 remi
708 2057 816 2136 jacent,
838 2055 908 2118 dvlm
927 2065 1022 2120 nauta
1037 2058 1194 2138 dormiunt,
1214 2061 1366 2141 vigilatque

382 2165 461 2227 solus
485 2163 669 2242 gubernator,
692 2177 729 2222 ne
751 2160 797 2221 cui
819 2159 1023 2240 torrescopulo
1037 2161 1151 2224 incauta
1165 2163 1301 2242 offendat,
1316 2163 1367 2226 aad

382 2267 423 2329 illi
438 2285 535 2348 quanm
549 2266 646 2326 nostra
656 2269 749 2338 aetate,
762 2262 888 2324 humana
898 2265 978 2325 novis
989 2265 1095 2328 viribus
1104 2266 1207 2330 muniit
1214 2267 1365 2343 industria,

383 2381 427 2450 ut,
449 2372 560 2433 furente
581 2368 715 2449 procella,
731 2367 823 2428 ventis
845 2367 1044 2446 renitentibus,
1059 2369 1150 2431 moles
1166 2388 1304 2451 aquarum
1318 2387 1367 2434 ee-

382 2493 460 2550 care,
485 2480 514 2534 et
537 2479 650 2553 portum
671 2469 836 2548 confingere
856 2472 956 2537 valeat.
977 2471 1157 2554 Quamquam
1173 2475 1203 2535 in
1216 2475 1366 2536 hoccom-
1413 2464 1416 2471 ’

384 2576 493 2659 paratio
515 2569 718 2650 claudicat'et
738 2581 836 2635 nostra
858 2575 982 2637 conditio
1007 2579 1089 2659 pejor
1113 2585 1157 2640 est
1179 2579 1265 2658 quim
1286 2579 1367 2641 navis

383 2682 515 2744 luctibus
532 2683 657 2761 jactate,
676 2678 751 2760 qudd
768 2684 880 2740 nostras
892 2678 1013 2756 hiemes,
1035 2687 1205 2762 nostrosque
1218 2681 1366 2761 aquilones

275 2847 281 2852 .
384 2789 462 2850 intus
475 2775 612 2849 habemus
629 2786 642 2865 (
662 2787 689 2865 ).

423 2893 474 2955 Est
487 2893 573 2972 igitur
593 2889 673 2971 quasi
689 2889 794 2971 duplex
808 2887 838 2949 iu
848 2887 939 2949 »nobis
958 2886 1059 2964 homo,
1074 2905 1128 2948 nec
1145 2885 1227 2948 Plato
1246 2887 1361 2964 erravit,

382 2999 448 3060 edm
461 2993 623 3060 irrationale
636 2995 652 3054 d
666 2991 797 3054 rationali
807 2992 837 3053 in
852 2990 947 3052 anima
959 2990 1093 3070 sejunxit,
1113 3009 1129 3050 c
1144 2991 1230 3053 modo
1243 3009 1300 3053 non
1313 3009 1364 3053 na·

384 3121 399 3160 u
423 3108 493 3162 turea
505 3100 658 3179 deputetur
667 3093 950 3177 utrumqueNaturd
959 3093 1036 3156 enim
1044 3093 1183 3156 rationale
1191 3094 1362 3158 credendum

384 3223 400 3264 a
421 3208 465 3264 est
478 3201 554 3282 quod
567 3199 669 3261 animae
681 3200 697 3259 d
714 3197 870 3279 primordio
883 3196 922 3258 sit
930 3198 1099 3276 ingenitum,
1114 3200 1276 3262 trationali
1288 3200 1364 3264 tide-

384 3325 399 3363 u
422 3305 487 3366 licet
508 3308 634 3364 auctore.
659 3300 733 3374 Quid
755 3301 832 3363 enim
850 3318 909 3362 non
930 3303 1080 3380 rationale,
1101 3304 1269 3384 quod-licus
1280 3306 1363 3385 jussu

384 3428 400 3468 a
423 3425 535 3487 quoque
548 3404 678 3481 ediderit,
695 3405 802 3466 nedum
818 3403 848 3465 id
861 3406 937 3486 quod
950 3407 1065 3488 proprie
1078 3408 1183 3470 addam
1193 3426 1246 3470 suo
1259 3409 1363 3470 emme·

384 3531 400 3588 a
422 3509 479 3572 riti
506 3507 671 3570 Inrationale
694 3515 787 3570 autem
810 3509 951 3589 posterius
972 3510 1186 3588 intelligendum
1207 3519 1262 3588 eat,
1286 3512 1363 3592 quud

384 3635 400 3676 v
421 3612 555 3678 acciderit
573 3630 606 3674 er
627 3611 761 3672 instinctu
775 3612 927 3692 serpentis,
942 3613 1036 3694 ipsum
1050 3613 1120 3676 illud
1132 3613 1363 3692 transgressionis

383 3741 399 3782 c
421 3719 588 3796 admissum,
604 3724 688 3799 atque
700 3715 802 3780 eunde
818 3717 966 3779 inoleverit
978 3723 1008 3778 et
1022 3716 1211 3779 coadoleverit
1220 3717 1252 3778 in
1267 3717 1361 3779 animd

382 3845 396 3884 v
420 3824 456 3886 ad
468 3824 558 3885 instar
568 3823 628 3902 J'am
643 3822 848 3899 naturalitatis3
865 3822 932 3902 quia
942 3821 1037 3884 statim
1047 3822 1076 3884 iu
1088 3829 1197 3885 naturae
1206 3821 1362 3904 primordio

382 3949 397 3989 c
420 3927 521 3991 accidit
534 3927 591 4006 (Ἰ).
612 3947 627 3987 »
643 3926 684 3988 Ne
698 3933 793 3988 tamm
808 3926 872 3988 ideo
885 3925 985 3987 credas
998 3924 1037 3988 nil
1058 3926 1118 4005 jam
1130 3924 1164 3986 iu
1177 3925 1295 3987 homine
1307 3923 1362 3986 uisi

418 4105 453 4171 (l)
467 4106 529 4155 vide
545 4102 651 4166 contem
666 4105 703 4154 du
715 4106 748 4154 P.
764 4105 935 4161 Lucordctre,
949 4103 1052 4166 vollll,
1069 4117 1095 4166 p.
1110 4104 1170 4152 575.

417 4196 451 4262 (a)
469 4196 504 4244 ue
519 4194 659 4255 muare.
824 4175 831 4194 ⁹
