3200 5067
404 423 436 472 18
680 419 722 472 DE
740 421 770 482 Q.
789 421 816 476 S.
836 419 863 470 F.
881 419 1102 472 TERTULleNO
1172 461 1181 472 .

403 539 458 609 est,
473 533 509 594 de
520 537 641 614 utroque
654 532 803 594 mendacio
828 530 934 613 aliquid
955 538 1152 608 mutuantem3
1169 483 1297 611 nrdlique
1311 533 1386 596 iute-

402 635 457 697 rim
471 634 590 696 venitin
612 641 737 696 mentem
761 635 823 697 dari
839 654 922 716 posse
942 635 1115 698 substantias
1137 635 1279 714 spiritales
1300 637 1387 698 111111

403 745 432 800 11
444 745 563 800 creatas.
580 739 670 828 ildeb,
693 741 749 818 qud
768 740 839 819 ¹quid
857 739 1035 801 manifestius
1058 744 1125 800 ante
1143 738 1241 799 oculos
1262 738 1384 819 positum

403 847 456 918 est,
470 843 503 902 11
516 841 611 903 minus
624 841 769 903 interdum
779 843 954 904 advertitur:
969 842 1094 923 quidest
1107 841 1184 903 enirn
1199 843 1282 922 cujus
1295 843 1386 921 magis

403 944 508 1006 conscii
519 944 608 1005 simus
620 945 705 1024 quarn
720 945 845 1006 animam
858 953 998 1022 nostram,
1012 947 1079 1007 culm
1090 944 1248 1026 simplicem
1260 952 1289 1006 11
1300 965 1386 1008 unam

403 1066 477 1125 esse,
493 1047 614 1128 ideoque
628 1049 826 1130 incorpoream
840 1095 848 1125 ,
863 1051 923 1110 tium
941 1069 1023 1112 suam
1042 1051 1073 1112 in
1088 1070 1120 1113 11
1134 1069 1190 1111 111
1205 1050 1312 1112 habere
1325 1051 1387 1113 ori·

403 1151 510 1228 ginem,
526 1151 632 1233 quippe
646 1171 709 1232 quae
723 1158 837 1230 aetatem
853 1173 935 1215 suam
960 1173 997 1216 ne
1012 1157 1067 1216 una
1089 1154 1203 1235 quidem
1218 1154 1265 1216 die
1278 1155 1387 1235 produ-

404 1255 841 1336 1111111111,111111111111111
864 1257 1008 1337 pendeat?
1029 1256 1129 1336 Igitur,
1153 1257 1177 1319 si
1197 1276 1316 1320 1111111
1334 1259 1386 1320 luit

405 1359 598 1421 1111111111
619 1359 695 1421 hunc
717 1365 765 1420 aut
785 1360 867 1422 iNum
884 1361 1011 1424 incidere
1033 1361 1194 1442 scopulum,
1218 1361 1385 1442 Septimium

404 1462 501 1526 laudes
516 1464 592 1546 quod
604 1464 704 1526 saltem
720 1463 838 1525 minima
852 1465 888 1526 de
902 1465 986 1527 malis
999 1465 1147 1544 selegerit:
1159 1465 1265 1546 quippe
1274 1466 1386 1543 longius

405 1557 572 1649 majoreque
588 1586 653 1639 cum
670 1567 797 1648 periculo
820 1568 837 1627 1
857 1585 924 1629 1111
942 1567 1048 1630 recedit
1070 1568 1116 1628 cui
1131 1567 1259 1629 divinitas
1271 1567 1386 1628 animo-

404 1688 469 1752 rum
484 1670 586 1750 placet,
601 1672 685 1750 quam
701 1669 746 1730 cui
765 1668 936 1750 Septimiana
950 1670 997 1732 illa
1012 1671 1197 1752 corporeitas,
1213 1671 1306 1733 adiro
1325 1671 1385 1735 Au·

406 1773 518 1851 gustino
532 1773 591 1834 sere
607 1779 749 1836 excusata.

446 1875 509 1937 Non
525 1879 601 1937 enirn
617 1895 651 1940 eo
666 1877 760 1938 animo
771 1876 924 1957 Septimius
933 1895 1101 1957 corpoream
1115 1878 1237 1938 asseruit
1248 1877 1383 1954 animam,

406 1998 462 2059 quo
477 1980 559 2040 multi
567 1980 671 2058 solent,
680 1980 728 2061 qui
733 2026 741 2057 ,
756 1997 855 2041 omnes
868 1980 983 2041 notitias
996 1982 1013 2040 a
1027 1964 1157 2060 sensibus
1170 1979 1238 2041 oriri
1250 1979 1306 2041 sibi
1319 1998 1383 2060 pcr-

317 2161 319 2165 ,
406 2082 568 2159 suadentes
580 2085 614 2144 ed
626 2082 805 2145 adducuntur
817 2090 849 2144 ut
862 2082 901 2144 nil
916 2084 1019 2145 animae
1031 2083 1231 2162 cognoscibile,
1243 2082 1297 2144 nisi
1310 2083 1386 2163 quod
1493 2086 1495 2092 '

406 2185 496 2246 visum
513 2192 562 2246 aut
578 2186 706 2249 auditum
720 2186 867 2267 percellat,
882 2187 923 2248 nil
944 2187 1111 2267 appetibile,
1127 2187 1180 2248 nisi
1194 2187 1273 2267 quod
1284 2203 1387 2248 sensus

407 2290 592 2368 permulceat,
609 2290 779 2352 existiment.
796 2291 872 2370 Ergo
887 2291 982 2353 omnis
996 2291 1123 2351 humana
1135 2289 1257 2368 cognitio
1271 2290 1308 2350 ad
1321 2307 1386 2350 cor·

407 2409 488 2471 pora,
508 2393 601 2454 omnis
627 2395 680 2455 vita
702 2395 738 2455 ad
761 2412 914 2475 corporeas
933 2395 1101 2474 uoluptates,
1124 2393 1283 2458 secundnm
1304 2393 1386 2468 istos,

406 2494 539 2556 retertur.
550 2496 594 2556 Nil
603 2497 684 2558 nobis
695 2485 788 2578 neque
803 2517 868 2559 curn
880 2498 951 2574 ileo,
964 2516 1050 2578 quem
1059 2498 1264 2560 nullussensus
1278 2497 1387 2558 contin

407 2615 474 2688 gere
488 2599 571 2674 valet,
586 2619 678 2681 neque
695 2619 760 2662 cum
776 2601 888 2678 officiis,
899 2601 1034 2681 voluptati
1046 2603 1215 2682 plerumque
1223 2615 1372 2680 repugnan

407 2701 493 2763 tibus,
510 2702 585 2781 llrgb
599 2723 656 2765 non
671 2704 774 2784 duplex
788 2704 899 2766 homini
917 2705 1096 2785 propositum
1114 2712 1158 2768 est
1172 2705 1309 2781 cilicium,
1319 2705 1388 2765 ani·

407 2824 484 2868 mam
494 2808 529 2870 ad
539 2809 638 2870 altiora
653 2809 774 2886 erigere,
790 2827 895 2889 corpus
910 2808 1134 2872 adsentiendum
1147 2809 1250 2870 animae
1261 2810 1384 2870 flectere.

407 2913 493 2976 Totus
507 2915 593 2976 bomo
609 2933 740 2989 carneam
758 2915 845 2977 uitam
857 2933 941 2992 agere
955 2914 1052 2991 debet,
1068 2908 1202 2995 quoniam
1215 2920 1291 2974 totus
1302 2913 1387 2973 homo

407 3035 473 3078 caro
496 3024 549 3078 cst.
575 3019 712 3098 Denique,
728 3003 785 3080 'ubi
810 3019 1015 3081 cohaerentium
1038 3018 1113 3080 inter
1137 3037 1168 3079 sc
1193 3017 1388 3078 membrorum

407 3141 496 3185 nexus
509 3123 639 3199 solvitur,
655 3124 690 3185 de
708 3130 766 3185 toto
781 3123 898 3184 homine
912 3131 1007 3184 actum
1022 3132 1077 3200 est,
1092 3112 1324 3203 neque,‘s’ublato
1338 3120 1388 3182 bo·

407 3246 511 3288 norum
526 3228 724 3308 malorumque
738 3227 919 3305 discrimine,
935 3227 991 3287 ulla
1014 3227 1077 3288 vitae
1094 3225 1278 3307 subsequenti
1292 3241 1387 3297 causa,

407 3333 520 3393 locusve
536 3332 716 3412 relinquitur.
733 3331 776 3392 Nil
792 3333 896 3393 horum
922 3333 1017 3394 simile
1038 3332 1114 3413 apud
1137 3331 1304 3412 Septimium
1317 3349 1325 3407 ;
1340 3328 1388 3409 qui

409 3435 583 3496 intellectum
595 3437 610 3495 1
623 3453 720 3511 sensu,
737 3442 765 3496 et
780 3435 824 3512 (ut
845 3436 905 3516 ipse
919 3436 1020 3514 habet)
1046 3434 1240 3525 incorporales
1253 3448 1354 3495 sensus
1372 3433 1389 3492 ai

409 3539 621 3622 corporalibus,
639 3538 850 3601 accuratissime
875 3539 1027 3616 discernit,
1043 3545 1072 3601 et
1087 3539 1175 3599 multa
1189 3538 1225 3599 de
1238 3534 1389 3597 inimicitiis

325 3673 330 3684 ·
408 3645 509 3708 animae
522 3663 588 3706 cum
596 3641 696 3706 carne
707 3643 850 3722 gerendis,
865 3642 956 3703 multa
971 3642 1005 3704 de
1019 3643 1128 3721 lutura,
1146 3659 1231 3721 quam
1247 3640 1301 3701 vita
1315 3626 1389 3720 prae-

410 3767 474 3808 sens
488 3747 648 3826 adumbrat,
665 3755 758 3826 aetate,
778 3745 900 3809 disserit.
925 3745 969 3807 Nil
992 3746 1068 3827 apud
1087 3745 1168 3807 illum
1191 3743 1390 3805 immortalitas
1413 3809 1418 3818 ,

410 3853 497 3915 animi
518 3854 703 3934 periclitatur,
729 3872 814 3934 quem
834 3853 916 3914 multi
946 3852 985 3913 ita
1010 3859 1122 3912 tanturn
1151 3850 1230 3913 carni
1254 3847 1388 3928 superlu-

410 3967 506 4020 turum
515 3959 686 4036 existimant,
703 3959 726 4020 si
737 3957 857 4044 simplex
864 3957 961 4033 luerit,
976 3957 1156 4034 gravissimo,
1170 3962 1201 4016 ut
1209 3972 1261 4032 ego
1275 3951 1388 4033 opinor,

410 4083 506 4128 errore
520 4065 692 4128 laborantes.
714 4064 759 4126 Sic
780 4063 857 4125 enim
871 4062 1096 4140 argumentando
1111 4080 1142 4124 se
1156 4060 1209 4141 ipsi
1223 4057 1386 4138 decipiunt:
