3200 5067
395 469 429 518 st
673 463 713 514 nn
731 463 762 524 o.
781 463 808 527 s.
826 463 854 511 s.
871 434 1095 512 'rnnrnnmnnc

431 579 502 654 Quis
514 583 599 657 neget
611 577 655 640 his
669 576 762 640 verbis
776 582 866 638 totam
880 576 942 638 lere
954 595 1040 656 qnam
1050 594 1103 637 nos
1117 575 1290 657 protitemnr
1303 577 1379 639 aeri·

393 690 479 747 tatem
499 680 660 745 contineri?
674 679 744 752 Quis
763 697 834 755 non,
853 680 955 742 eodem
974 679 1003 741 in
1026 680 1101 743 libm
1117 681 1244 743 animam
1258 683 1379 744 andiens

396 794 425 850 ct
441 787 540 867 aperte
554 783 701 865 predicari
718 799 900 864 corpoream,
914 789 945 844 et
955 784 1063 864 optime
1079 785 1193 847 delendi
1204 785 1378 866 simplicem,

392 897 502 955 canam
517 888 638 950 minetur
650 886 810 951 cecitatem
825 887 1077 967 perspicacissimis
1090 889 1206 950 immitti
1220 890 1377 959 mentibus.

396 994 444 1062 utri
458 991 612 1056 interillos
626 985 796 1055 alteritatis
810 991 924 1052 radium
938 991 1120 1072 praejudicata
1134 993 1379 1074 qnmdam'prnve·

394 1117 451 1178 que
465 1095 580 1160 incessit
593 1094 706 1175 opinio!
723 1083 804 1168 Quen
818 1094 855 1171 si,
866 1095 986 1156 otiosam
1000 1096 1134 1158 humanm
1147 1097 1316 1160 conditionis
1328 1097 1378 1160 de·

393 1199 583 1280 plorationem
592 1197 774 1274 omittentes,
789 1197 968 1279 inquiramus
982 1217 1047 1279 qum
1059 1198 1174 1262 tandem
1187 1219 1273 1263 censa
1287 1202 1379 1285 Septi·

396 1303 447 1367 mii
460 1301 549 1364 oculis
563 1301 705 1369 insolitam
717 1301 847 1364 offuderit
861 1301 1025 1380 caliginem,
1040 1304 1118 1366 nulla
1133 1304 1187 1368 alia
1200 1304 1378 1388 inpromptu

395 1405 450 1467 erit
463 1405 547 1484 qulm
563 1402 636 1467 mire
651 1402 783 1483 qneednm
796 1403 832 1464 de
844 1402 998 1468 verborum
1019 1423 1077 1466 non
1099 1406 1171 1468 adeo
1188 1405 1376 1470 obscurorum

399 1489 604 1588 significatione
619 1507 766 1584 coninsi03
787 1507 1028 1588 convincetorqne
1051 1507 1164 1587 Noster,
1186 1510 1255 1589 qnid
1274 1531 1379 1594 mrpe-

392 1633 475 1686 reum
490 1615 526 1678 ab
540 1615 709 1695 incorporeo
722 1613 843 1691 differat,
852 1614 937 1695 plane
951 1632 1009 1676 non
1019 1614 1198 1688 vidisseQni
1216 1617 1293 1681 enim
1307 1619 1379 1682 colo-

393 1739 452 1780 rem
465 1727 491 1783 et
504 1737 600 1782 sociem
614 1723 778 1797 incorporee
790 1738 846 1780 ecce
860 1719 905 1798 (1)
919 1719 1081 1781 somniatus
1098 1726 1160 1797 est,
1176 1721 1225 1802 qui
1238 1722 1298 1784 Deo
1311 1741 1378 1785 cor-

394 1841 448 1904 pus
467 1820 622 1898 infinitum,
639 1821 868 1884 hominiaantcm
891 1822 1014 1903 simplex
1036 1823 1155 1901 largitus
1174 1831 1230 1901 est,
1248 1825 1296 1888 ille
1309 1827 1379 1888 sane

336 1934 339 1939 ’
396 1926 465 2006 quid
482 1933 558 1992 esset
571 1945 677 2007 corpus
689 1925 783 2006 potins
803 1927 889 2006 qnam
910 1927 980 2006 qnid
1000 1925 1077 1988 Dens
1097 1933 1127 1988 et
1151 1927 1238 1988 homo
1252 1929 1377 2005 nescivit,

395 2028 466 2092 Cdm
480 2029 567 2107 igitur
580 2028 683 2090 Noster
698 2046 790 2092 naum
806 2034 959 2108 spectaret,
977 2031 1082 2110 nempe
1099 2047 1137 2093 ne
1150 2031 1217 2092 fidei
1229 2032 1379 2096 immorta-

395 2133 500 2208 litatis,
517 2150 563 2194 ne
587 2131 772 2211 praemiorum
799 2131 1010 2210 expectationi,
1034 2133 1187 2214 timortqne
1209 2153 1376 2215 poenarum,
1420 2172 1422 2179 ·

375 2286 377 2290 ,
395 2235 438 2295 vel
454 2235 571 2296 minima
590 2233 772 2296 dubitationis
789 2234 1081 2316 umhrainjiceretnr,
1091 2238 1258 2302 incredibile
1271 2242 1379 2323 aliquid

396 2337 468 2414 heac,
484 2355 570 2416 qnam
586 2335 757 2410 notavimus,
773 2335 900 2400 conlusio
915 2337 1066 2401 verborum
1082 2341 1185 2402 attulit.
1201 2342 1317 2412 Timuit,
1332 2351 1378 2406 nt·

396 2447 463 2518 pote
481 2439 530 2520 qni
545 2457 651 2520 corpus
670 2439 808 2519 cuiusque
829 2441 873 2502 rei
893 2441 1082 2525 substantiam
1097 2463 1161 2507 esse
1180 2448 1322 2527 crederet,
1339 2469 1379 2512 ne

397 2541 466 2606 nihil
481 2549 568 2618 esset,
584 2542 711 2623 nihilque
724 2541 844 2606 haberet
863 2563 917 2625 per
941 2548 1016 2625 qnod
1031 2555 1176 2628 pateretur
1191 2550 1378 2632 incorporalis

397 2646 503 2724 anima,
517 2645 638 2726 idedque
653 2663 821 2726 corpoream
843 2649 976 2722 asseruit.
991 2649 1073 2728 Dein,
1092 2652 1149 2714 alio
1168 2661 1278 2716 terrore
1291 2675 1378 2719 nexa·

397 2757 444 2810 tus
458 2755 487 2817 et
501 2748 529 2808 in
542 2747 717 2810 contrarium
731 2758 842 2830 raptus,
856 2768 894 2813 ne
907 2770 1045 2834 corporea
1054 2757 1311 2841 animamrpomm
1319 2763 1376 2825 ritn

396 2853 543 2914 interitura
565 2860 651 2930 esset,
668 2853 805 2932 animam,
822 2872 909 2936 qnam
931 2874 1036 2938 corpus
1049 2878 1113 2922 esse
1132 2861 1253 2941 dixerat,
1273 2872 1306 2926 nt
1318 2868 1376 2947 pati

395 2965 501 3036 posset,
517 2957 618 3022 eidem
630 2957 665 3019 de
679 2960 766 3022 censi
789 2960 919 3040 corporis
938 2963 1064 3027 osseam
1080 2965 1168 3042 exuit,
1183 2967 1251 3029 dnm
1265 2968 1376 3051 simpli·

394 3078 458 3126 cem
473 3060 619 3141 predicet,
643 3061 712 3124 dnm
734 3079 786 3124 sua
809 3062 850 3123 illi
875 3081 938 3127 esse
961 3064 1109 3144 alimenta,
1133 3087 1243 3152 sueque
1262 3074 1374 3151 gandia,

396 3181 518 3246 suasque
532 3163 679 3245 passiones
694 3163 802 3245 absque
815 3165 958 3232 consortio
978 3171 1106 3250 corporis
1125 3175 1253 3250 agnoscit
1265 3185 1296 3238 et
1307 3195 1376 3257 pro-

395 3267 466 3342 bat,
483 3274 516 3328 nt
537 3267 676 3331 sententia
696 3269 759 3349 ejus
786 3287 846 3331 non
865 3271 962 3335 reriirs
990 3275 1111 3356 exprimi
1133 3280 1223 3360 possit
1241 3284 1328 3362 qmlm
1350 3285 1375 3345 si

397 3372 491 3438 anima
507 3391 603 3450 corpus
613 3373 806 3452 incorporeum
820 3385 1012 3458 nuncupetur.

437 3473 506 3542 Post
518 3475 610 3538 varios
626 3476 724 3564 exitus
745 3477 943 3558 disputationis
960 3482 996 3546 de
1008 3485 1177 3549 *animarum
1198 3491 1301 3552 natura
1320 3492 1374 3553 lia-

394 3577 616 3658 otterestat
635 3581 727 3662 majus
745 3601 811 3645 cum
826 3584 945 3651 Platone
965 3588 1002 3650 de
1021 3589 1136 3654 illarum
1154 3595 1265 3674 origine
1283 3606 1375 3660 certa·

395 3702 472 3762 men,
488 3685 535 3750 cni
549 3685 662 3764 Noster,
679 3692 709 3748 nt
721 3687 844 3767 digniori
857 3690 1177 3769 adversario,libentids
1187 3687 1273 3779 qnlm
1287 3708 1374 3764 caete-

393 3790 433 3852 ris
453 3793 811 3870 congreditur,·interdnm
833 3796 1033 3860 vehementids
1053 3820 1135 3882 mque
1155 3821 1270 3866 errores
1292 3806 1373 3869 venii

393 3895 492 3974 dignos
509 3898 739 3978 reprehendens,
757 3917 811 3961 ncc
830 3901 900 3961 tanti
914 3901 966 3963 viri
987 3903 1016 3964 in
1031 3905 1240 3986 philosophiam
1258 3911 1370 3989 merita,

426 4099 459 4161 (r)
474 4101 509 4150 ne
524 4101 582 4162 ln,
598 4102 611 4163 a
627 4103 653 4151 e.

1570 1394 1572 1505 ἱ
