3200 5067
311 427 314 432 '
373 445 407 496 eo
638 443 691 493 uu
707 443 738 504 o.
755 441 781 493 s.
801 440 830 492 r.
848 412 1068 527 rnnmcnnuo

377 576 392 618 r
413 554 516 618 ratium
531 554 780 636 disciplinarum...
795 553 897 617 Omnia
909 551 1164 620 animalialamula
1176 560 1247 614 sunt·
1256 552 1353 615 homi-

378 678 393 720 (
415 658 479 722 nis:
498 658 523 719 si
541 656 692 720 virbonus
712 658 780 739 quid
793 658 904 720 lrorum
922 658 1034 720 tuturus
1054 664 1110 735 est,
1124 656 1351 720 murmuratur...

378 761 440 824 cO
452 761 559 843 judicia
579 762 670 823 divina
692 760 897 842 postmortem
918 761 1050 824 humanis
1071 761 1265 839 mendaciora,
1284 780 1354 824 oon-

378 887 393 928 «
416 866 582 948 temptibilia
594 866 629 927 de
642 866 744 947 poenis,
758 865 919 928 fastidibilia
931 866 968 928 de
978 865 1087 944 gratiis,
1100 884 1164 946 quae
1177 885 1231 929 nec
1239 866 1355 947 pessimi

376 989 391 1031 r
415 976 553 1046 metuant,
573 987 627 1034 nec
644 968 742 1048 optimi
756 971 890 1050 cupiant3
907 972 943 1033 ad
956 989 1020 1052 quae
1033 971 1123 1051 magis
1140 971 1251 1035 scelesti
1269 973 1354 1053 quam

306 1073 308 1078 ’
379 1095 395 1136 «
416 1073 506 1136 sancti
520 1074 884 1156 quiquepropcrabunt3...
900 1075 967 1137 culm
978 1075 1003 1138 si
1014 1075 1091 1156 quod
1099 1076 1356 1156 jndicinmanimas

379 1199 394 1240 ‹
417 1185 525 1256 manet,
546 1177 659 1258 gravius
679 1179 780 1241 debeat
793 1180 870 1242 credi
886 1181 915 1241 in
931 1180 1128 1260 dispunctione
1142 1181 1207 1242 rita
1227 1183 1312 1262 quim
1327 1181 1358 1241 in'
1398 1205 1403 1209 ·

380 1301 396 1346 t
417 1282 678 1346 administratione:
693 1283 760 1362 quia
774 1283 844 1344 nihil
854 1283 966 1365 plenius
979 1286 1065 1366 quam
1077 1283 1354 1365 quodentremius...

380 1410 396 1451 e
417 1389 494 1452 Deus
508 1391 607 1472 itaquo
614 1389 753 1470 judicabit
767 1388 879 1470 pleniris
899 1407 952 1469 per
964 1388 1134 1450 seutentiam
1148 1395 1284 1449 aeternam
1299 1370 1357 1448 tam

380 1513 396 1554 a
419 1493 550 1575 supplicii
564 1495 650 1574 quam
662 1492 813 1571 refrigerii,
827 1509 881 1553 nec
893 1490 922 1551 iu
936 1491 1054 1568 bestias,
1066 1492 1117 1553 sed
1130 1491 1160 1552 in
1172 1510 1224 1553 sua
1238 1506 1358 1571 corpora

295 1601 300 1620 ¹
382 1617 397 1662 e
419 1597 1015 1677 revertentibusanimabus:ethocsemel,
1030 1606 1059 1661 et
1070 1599 1177 1660 ineum
1185 1592 1261 1660 diem
1274 1615 1358 1678 quem

383 1722 398 1763 a
419 1702 497 1764 solus
514 1701 598 1764 Pater
611 1703 699 1780 uouit,
718 1710 750 1764 ut
766 1703 889 1784 pendula
905 1703 1100 1784 expectatione
1117 1702 1276 1764 sollicitudo
1294 1701 1360 1763 liulei

383 1807 568 1888 «probetur,
593 1825 707 1889 semper
727 1807 803 1870 diem
823 1807 989 1885 observans,
1011 1807 1080 1868 dum
1102 1824 1218 1888 semper
1236 1805 1358 1884 ignorat,

385 1929 400 1971 a
422 1911 547 1992 quotidie
560 1911 663 1972 timens
676 1911 754 1991 quod
767 1910 893 1991 quotidie
906 1917 1003 1992 sperat
1014 1910 1078 1990 (l).
1097 1930 1113 1971 a

422 2013 464 2076 Ex
477 2014 532 2092 his,
545 2013 663 2094 aliisque
674 2015 760 2094 supra
773 2013 950 2091 memoratiS,
963 2012 1031 2074 satis
1041 2020 1159 2094 apparet
1167 2031 1231 2094 quae
1239 2013 1362 2076 conditio

384 2113 529 2184 hominem
543 2126 743 2200 postmortem
757 2127 882 2198 maneat,
894 2121 960 2182 cum
972 2118 1048 2181 lleus
1058 2120 1182 2182 animam
1194 2119 1364 2181 ideo'leccrit

384 2223 554 2304 simplicem,
569 2241 617 2299 ne,
633 2222 725 2284 soluto
744 2223 954 2304 corpore,ipsa
973 2223 1147 2301 solueretnr3
1162 2224 1228 2286 ideo
1238 2223 1363 2286 rationa-

382 2327 472 2405 bilem
494 2333 544 2403 nt,
569 2343 601 2386 se
621 2327 785 2404 noscendo,
809 2335 954 2388 auctorem
977 2346 1061 2389 suum
1085 2334 1199 2405 nosset,
1221 2327 1365 2389 noscendo
1411 2338 1415 2343 ’

367 2436 515 2506 amaret,
544 2430 665 2492 amando
693 2430 846 2508 frueretur,
871 2437 1022 2518 eteorum
1048 2432 1133 2510 finem
1156 2431 1298 2508 tonorum,
1317 2431 1368 2493 diu

386 2535 547 2614 frustraque
559 2539 603 2594 tot
616 2534 726 2596 saeculis
740 2535 931 2615 quaeritatum,
941 2542 1146 2615 assequeretur
1152 2555 1164 2611 3v
1170 2532 1234 2596 ideo
1248 2534 1367 2596 liberam

327 2683 329 2688 -
388 2643 420 2699 ut
439 2637 557 2700 honesti
578 2637 731 2717 turpiterrc
752 2639 825 2700 lacta
844 2639 899 2720 ipsi
915 2639 1136 2721 imputarentur.
1152 2639 1221 2700 lude
1241 2640 1368 2701 cernitur

388 2747 511 2822 quantus
529 2756 613 2804 error
635 2743 772 2823 quosdam
791 2743 923 2824 decipiat,
938 2743 1048 2824 quibus
1061 2743 1198 2825 supplicia
1213 2744 1366 2821 malumm,

389 2851 422 2906 ut
435 2843 535 2906 divinae
549 2844 670 2907 bonitati
689 2845 793 2923 aliena,
810 2845 970 2927 displicent,
982 2863 1044 2907 non
1063 2846 1251 2924 cogitantibus
1263 2845 1370 2908 scilicet

390 2949 477 3012 Deum
492 2951 523 3010 cle
538 2970 585 3011 eoo
601 2951 708 3021 bonum,
727 2951 759 3012 de
772 2956 866 3010 nostro
880 2952 985 3029 jamtum
999 2967 1082 3010 csse:
1101 2968 1117 3009 o
1131 2948 1221 3022 Quale
1236 2957 1281 3012 est
1293 2950 1367 3011 enim

393 3073 408 3114 ‹
432 3061 465 3114 ut
480 3061 620 3135 praecepta
638 3053 803 3130 constituat,
814 3071 876 3114 non
891 3053 1093 3116 exsecuturum?
1106 3061 1139 3116 ut
1157 3054 1258 3118 delicta
1268 3054 1370 3136 prohi-

396 3182 410 3214 ιι
432 3157 509 3234 beat,
525 3177 582 3221 non
594 3149 887 3220 ¹vindicaturus‘lcrim
896 3158 988 3220 multo
997 3158 1105 3220 rectilis
1115 3177 1173 3221 non
1182 3159 1372 3240 prohibuisset

396 3281 411 3321 a
433 3260 510 3342 quod
524 3261 692 3322 defensurus
708 3279 766 3323 non
779 3268 892 3324 esset...
907 3260 980 3333 Nam
993 3263 1370 3345 ettnnctacite-permissum

397 3383 412 3434 u
436 3371 477 3424 est
498 3363 575 3444 quod
589 3363 651 3424 sine
667 3363 775 3428 ultione
795 3365 1001 3446 prohibetur...
1018 3367 1047 3430 Si
1062 3385 1120 3429 non
1135 3369 1286 3432 offenditur
1299 3369 1373 3430 lacto

397 3488 412 3530 e
435 3468 512 3550 qnod
531 3486 589 3529 non
606 3476 684 3530 amat
703 3469 777 3547 lieri,
795 3473 866 3549 ergo
883 3489 938 3534 nec
951 3471 1063 3534 laeditnr
1076 3473 1205 3536 uoluntas
1217 3475 1291 3554 ejus,
1307 3473 1373 3534 olm

398 3594 413 3636 a
436 3574 469 3635 fit
482 3574 558 3655 quod
572 3573 634 3637 fieri
645 3572 736 3636 noluit
750 3595 757 3636 ε
774 3583 804 3637 ct
813 3576 846 3637 fit
855 3577 916 3657 jam
928 3575 1062 3639 delictum
1076 3579 1233 3640 mcundulm
1244 3578 1374 3640 volunta-

399 3697 414 3738 «
436 3680 580 3758 tem'ejus.
596 3676 671 3740 Nihil
685 3677 744 3740 Deo
759 3681 819 3740 mm
832 3678 981 3757 indignum
997 3681 1082 3760 qnam
1096 3698 1154 3743 non
1165 3681 1285 3762 exsequi
1299 3681 1375 3761 quod

400 3801 415 3841 a
437 3782 528 3843 noluit
542 3788 570 3844 et
582 3783 727 3863 prohibuit
739 3783 868 3846 admoti:
885 3784 993 3864 primo,
1005 3784 1083 3865 quod
1093 3785 1294 3866 qualicumque
1312 3801 1377 3844 scn-

400 3907 415 3946 u
439 3885 534 3956 tentiae
552 3905 611 3964 suae
631 3894 659 3949 et
676 3888 731 3967 legi
746 3887 849 3950 debeat
860 3886 1010 3951 uindictam
1025 3889 1055 3950 in'
1071 3888 1268 3952 anctoritatem
1283 3894 1312 3950 et
1325 3886 1392 3968 obf

432 4083 517 4151 (illie
531 4088 589 4151 lin,
605 4089 617 4150 t
631 4089 672 4139 55.
