3200 5067
499 534 684 587 eruscutun
701 533 959 586 Pflttosortltcun.
1043 565 1047 575 ·
1190 534 1216 584 tt

245 648 337 727 neque
352 662 448 708 rerum
465 646 535 709 ordo
553 647 644 725 deest,
659 664 751 729 neque
772 647 910 727 elegantia
924 648 1073 709 sermonis.
1090 648 1138 727 nt,
1152 647 1221 711 dum

245 754 300 815 leni
314 752 505 836 aequabilique
517 772 603 817 cursu
621 753 730 831 delluit,
751 753 863 815 nullum
877 752 938 814 tere
954 751 1072 815 verbum
1086 753 1223 817 adhibens

245 859 326 938 cujus
340 856 417 937 opud
440 857 555 939 optimae
573 856 717 921 latinitatis
741 865 873 919 auctores
895 874 953 918 non
973 856 1113 918 inuenerit
1126 875 1222 919 enem-

245 959 336 1041 plum,
353 960 472 1023 feliciter
485 961 602 1038 imitari,
624 980 682 1023 non
695 962 731 1023 de
745 960 863 1042 proprio
876 960 992 1023 haurire
1007 961 1087 1023 lenm
1102 961 1224 1039 videtur,

245 1072 276 1125 ut
290 1063 378 1125 laxior
393 1066 455 1145 ejus
469 1066 636 1144 enervisque
656 1064 784 1127 facundia
808 1064 888 1127 rudis
905 1063 991 1141 illius,
1012 1082 1069 1146 quo
1089 1064 1229 1145 magister

117 1206 122 1222 ι
243 1168 388 1247 utebatur,
405 1168 467 1251 styli
482 1169 654 1233 desiderium
672 1168 799 1231 incutiat.
815 1168 849 1230 u.
866 1167 1055 1248 Augustinum
1071 1176 1101 1232 et
1112 1169 1226 1251 aquilei

243 1272 304 1335 acie
317 1272 423 1352 ingenii
436 1274 532 1337 emnia
547 1273 582 1338 de
602 1273 717 1336 sublimi
730 1273 837 1336 uertice
849 1272 1059 1355 prospicientis,
1078 1282 1109 1337 et
1126 1275 1225 1338 erudi-

242 1377 342 1439 tissimi
355 1376 767 1460 elegantissimiquesermonis
783 1384 931 1439 venustate
945 1385 1081 1459 prestare
1098 1378 1162 1459 quis
1174 1394 1225 1439 ne-

241 1482 310 1561 get?
334 1482 397 1561 sed,
421 1483 490 1545 dum
514 1483 680 1559 rethorum,
704 1500 775 1563 quas
796 1481 907 1543 Tullus
928 1490 1023 1559 uocat,
1045 1482 1161 1563 ineptiis
1181 1482 1225 1544 ni-

211 1596 214 1603 ’
241 1585 332 1648 mium
345 1588 473 1664 inseruit,
490 1586 572 1650 uirile
585 1586 711 1667 alioquin
726 1584 917 1647 effeminatur
929 1585 1087 1665 ingenium,
1098 1586 1226 1668 fugitque

235 1689 368 1769 perlecta
397 1691 445 1752 illa
468 1691 592 1772 uereque
619 1690 710 1769 attica,
733 1687 908 1770 simplicitas.
938 1686 1017 1752 linus
1039 1690 1223 1769 Athanasius,

242 1792 332 1854 aetatis
346 1810 406 1855 sue
418 1794 550 1855 vitiorum
564 1794 687 1873 integer,
701 1810 900 1873 germaneque
913 1801 1039 1856 ueterum
1058 1794 1226 1876 eloquentie

244 1896 370 1959 reterens
383 1896 552 1977 imaginem,
568 1899 606 1960 ita
624 1894 789 1963 Christianae
802 1899 927 1961 ueritatis
942 1899 1123 1980 splendorem
1137 1900 1227 1962 oculis

244 2001 369 2082 exponit,
384 2001 423 2065 iti
437 2002 563 2081 singulos
581 2000 618 2066 de
635 2003 688 2067 diis
709 2020 824 2065 errores
843 2003 880 2065 ad
902 2021 985 2065 suam
1003 2010 1118 2065 reuocat
1137 2003 1225 2083 on‘gi-

243 2123 321 2183 nem,
337 2112 369 2167 ut
378 2107 525 2169 materiam
541 2125 629 2188 opere
640 2108 701 2170 ferd
711 2126 842 2188 aequasse
855 2108 995 2185 uideatur,
1012 2115 1042 2169 et
1054 2107 1085 2169 in
1099 2107 1224 2171 nobilem

242 2208 318 2299 illam
334 2214 494 2290 puetarum,
511 2218 676 2289 oratorum,
692 2211 929 2293 philosophorum
948 2220 1064 2291 gentem
1080 2222 1225 2277 mereatur

241 2312 383 2392 adrogari,
399 2332 474 2394 quoe,
490 2313 526 2377 ab
538 2314 687 2377 Homerico
697 2315 774 2378 fonte
788 2315 927 2398 prolecta,
939 2317 1131 2381 immortalem
1143 2317 1223 2383 Crm·

241 2418 291 2481 ciae
305 2419 418 2481 laudem
427 2421 549 2502 peperit,
564 2428 604 2499 et,
619 2421 782 2503 aliquandiu
799 2422 933 2497 extincta,
946 2422 1061 2485 tandem
1074 2423 1104 2484 in
1120 2421 1223 2485 Christi

240 2522 484 2601 scholis,numine
494 2524 961 2607 alilata,puriorreuixit.hureum
973 2526 1223 2609 itaqneconscrip·

240 2626 277 2688 sit
286 2618 369 2709 opus,
384 2626 414 2688 in
428 2647 485 2709 quo
500 2629 591 2709 ipsam
605 2629 759 2693 Veritatem
770 2630 860 2692 audiri
870 2629 1052 2711 credas‚·jam
1065 2630 1102 2693 de
1111 2635 1218 2693 msul-

241 2749 296 2810 que
308 2730 425 2793 uictoria
439 2748 587 2795 securam:
606 2734 652 2796 cui
666 2734 706 2795 nil
726 2734 832 2797 nostris
852 2734 880 2795 in
896 2734 1075 2816 temporibus
1088 2736 1220 2798 conferre

240 2834 344 2912 ausim,
360 2844 464 2916 praeter
478 2838 624 2916 egregium
640 2837 786 2900 Penelonii
801 2837 836 2899 de
850 2838 1003 2899 Existentih
1015 2837 1066 2899 liei
1078 2838 1221 2919 libellum,

240 2937 270 2999 in
285 2957 342 3019 quo
357 2955 456 3001 verum
467 2940 687 3022 pulchrumque,
702 2941 774 3002 mire
787 2940 862 3004 inter
875 2958 906 3001 se
916 2940 1081 3019 conjuncta,
1092 2949 1221 3005 mutuam
1277 2981 1279 2986 -

242 3041 363 3107 alterum
381 3044 463 3106 alteri
474 3046 567 3107 lucem
580 3045 741 3107 remittunt.

283 3147 347 3212 Non
364 3157 553 3231 temperatum
568 3148 649 3227 illud,
664 3154 873 3229 venustumque
884 3147 996 3211 dicendi
1007 3166 1097 3228 genus
1109 3157 1223 3213 secutus

241 3262 285 3317 est
304 3254 474 3339 Septimius,
500 3255 604 3339 quippe
621 3254 680 3337 qui,
705 3272 763 3315 non
787 3253 923 3333 magistro
937 3254 1049 3336 placidie
1064 3273 1133 3317 suos
1151 3255 1223 3318 allo·
1325 3254 1329 3259 ’

242 3359 339 3441 quenti
351 3358 463 3435 similis,
478 3358 530 3421 sed
552 3358 658 3421 oratori
679 3354 793 3421 causam
817 3357 894 3439 apud
915 3357 1159 3440 iniensosjudices
1173 3378 1224 3423 ac-

239 3470 318 3541 turo,
333 3482 390 3527 nen
405 3464 463 3525 tim
480 3463 612 3545 loquatur
626 3464 710 3545 quam
725 3460 881 3543 praelietur,
896 3480 1100 3543 assensumque
1110 3464 1224 3527 audito-

243 3568 282 3631 ris
295 3570 390 3651 potiris
403 3570 496 3651 rapiat
505 3571 590 3651 quam
603 3569 657 3632 sibi
670 3568 813 3632 conciliet.
824 3567 882 3630 Nec
891 3568 961 3631 mihi
970 3568 1167 3632 memorabilia
1174 3571 1223 3651 ju·

243 3672 315 3736 dicia
324 3673 419 3736 animo
428 3672 574 3751 referenti,
585 3692 649 3756 que
658 3672 778 3735 summis
786 3672 961 3753 antiquitatis
971 3674 1133 3737 oratoribus
1140 3692 1222 3738 ocra·

122 3847 126 3853 r
210 3782 212 3785 ’
243 3776 351 3839 sionem
363 3776 632 3859 praebuerunttogae
647 3794 733 3859 super
748 3794 829 3838 arma
843 3774 1022 3853 extollendae,
1032 3776 1123 3839 ullum
1135 3796 1221 3862 spec·

217 3960 220 3963 Ι
244 3881 296 3943 tari
305 3882 417 3961 dignius
434 3882 568 3945 occurrit.
587 3881 649 3945 Sive
663 3880 739 3944 enim
753 3898 838 3942 reum
851 3879 999 3962 respicias,
1014 3879 1105 3942 diuina
1120 3881 1222 3943 ueritas

244 3992 402 4066 accusatur,
418 3985 577 4069 Christique
588 3984 726 4063 Ecclesia,
742 3982 807 4045 noui
818 3983 962 4047 serlonem
980 3984 1086 4045 ordinis
1099 4000 1220 4063 parens3

120 4088 123 4093 ’
244 4090 302 4155 sive
324 4092 500 4171 concionem,
526 4108 614 4173 genus
637 4089 795 4181 humanum
818 4089 956 4168 attendit3
977 4087 1039 4150 sire
1053 4086 1220 4170 judices,t

244 4196 365 4277 Caesare,
386 4200 502 4261 secundat
522 4204 584 4279 post
599 4194 688 4259 heum
707 4197 854 4275 majestate,
872 4195 910 4257 ad
923 4196 1017 4275 ipsum
1030 4192 1120 4257 Deum
1134 4194 1221 4256 causa
