3200 5067
533 493 717 546 OPUSCULUM
734 497 995 561 Pntuosornwuot.
1205 502 1252 550 ll'l

272 628 289 668 a
309 609 407 684 carui,
432 609 497 688 quia
520 609 644 670 caruisse
668 609 816 672 delector:
842 628 927 672 nemo
954 610 1107 691 proficiens
1133 613 1252 676 erubes'-

271 730 288 770 a
310 710 348 773 cit
364 711 421 790 (l).
440 730 455 770 n

593 826 596 832 ’
663 833 851 881 cnrnourcos.

311 959 327 1001 o
349 939 443 1002 Unum
465 949 496 1004 et
519 948 637 1004 certum
652 943 759 1023 aliquid
779 944 942 1007 mstitutum
962 953 1006 1006 est
1019 946 1036 1007 a
1050 943 1161 1009 Christo
1174 946 1252 1026 quod
1351 953 1353 956 ’

272 1063 287 1104 o
310 1044 427 1106 credere
447 1044 612 1108 omnimodo
635 1044 759 1121 debeas,
773 1054 803 1108 et
817 1047 923 1109 idcirco
944 1065 1086 1127 quaerere,
1102 1055 1134 1109 ut
1147 1049 1250 1129 possis,

273 1169 289 1210 u
311 1150 375 1212 crim
392 1149 544 1226 inveneris,
557 1150 686 1212 credere.
708 1148 795 1212 Unius
810 1153 940 1231 porroet
961 1151 1031 1212 oerti
1048 1151 1169 1214 instituti
1184 1153 1251 1216 inli-

274 1273 289 1316 r
310 1255 368 1318 nita
377 1254 521 1335 inquisitio
536 1273 594 1316 non
611 1260 802 1335 potestesse:
819 1252 1006 1334 quaerendum
1025 1260 1079 1330 est,
1100 1253 1192 1316 donec
1205 1255 1256 1316 in:

274 1378 297 1427 c¹
310 1358 416 1435 vernias,
432 1364 462 1420 et
480 1357 654 1420 credendum
675 1356 724 1418 ubi
742 1356 901 1420 inveneris:
918 1361 947 1416 et
967 1355 1038 1417 nihil
1059 1357 1183 1438 amplius
1197 1358 1252 1420 nisi

274 1460 526 1528 «custodiendum
551 1459 628 1540 quod
650 1458 816 1522 credidisti:
842 1459 911 1519 dum
934 1458 990 1519 hoc
1012 1457 1129 1539 insuper
1151 1460 1250 1522 credas

272 1583 288 1623 a
310 1563 385 1624 aliud
403 1581 462 1624 non
476 1580 539 1624 esse
552 1560 739 1636 credendum,
752 1561 874 1640 ideoque
885 1578 938 1623 nec
946 1561 1150 1640 requirendum
1161 1562 1219 1641 (2).
1232 1584 1248 1624 u

267 1703 272 1713 ·
312 1645 452 1728 Caeterdm
469 1684 484 1725 a
500 1683 533 1727 en
546 1665 607 1746 ipso
623 1663 722 1725 ordine
739 1663 938 1726 manifestatur
954 1664 982 1725 id
1000 1682 1063 1726 esse
1076 1665 1250 1728 dominicum

274 1789 288 1829 c
311 1776 340 1830 et
352 1786 463 1844 rerum,
478 1764 554 1848 quod
571 1769 608 1828 sit
621 1767 701 1847 priris
715 1767 870 1843 traditum,
885 1765 913 1826 id
927 1773 1022 1827 autem
1037 1775 1204 1831 extraneum
1222 1777 1251 1831 et

274 1892 288 1933 a
311 1873 424 1947 laisum,
441 1871 517 1950 quod
530 1871 566 1937 sit
589 1869 730 1950 posterids
750 1861 922 1930 immissum.
938 1868 997 1929 Ede
1022 1871 1091 1946 ergo
1111 1870 1249 1948 originem

273 1973 443 2036 «Ecclesiae
463 1979 537 2050 tuae3
563 1971 659 2035 evolve
682 1973 813 2035 ordinem
836 1968 1036 2052 episcoporum
1059 1979 1195 2049 tuorum,
1219 1982 1252 2035 ut

273 2097 288 2137 a
311 2076 467 2159 primusen
488 2077 543 2138 illis
563 2076 687 2158 aliquem
715 2076 875 2158 apostolum
895 2082 944 2135 aut
957 2073 1142 2154 apostolicum
1156 2074 1249 2137 virum

273 2200 288 2240 a
310 2180 441 2242 habuerit
455 2186 600 2241 auctorem
618 2179 678 2260 (3).
697 2198 712 2238 n

669 2323 850 2386 numeneus.

213 2450 218 2456 ·
314 2455 329 2498 o
351 2434 424 2508 Quid
437 2434 473 2495 ad
486 2433 655 2510 Ecclesiam,
671 2433 828 2514 etquidem
846 2440 941 2511 tuam,
957 2435 1109 2515 psychice?
1123 2435 1249 2498 Ecclesia

274 2559 289 2598 a
311 2537 503 2619 principaliter
516 2543 560 2599 est
572 2535 711 2618 Spiritum
724 2543 810 2618 atque
828 2529 929 2601 exinde
942 2557 1081 2603 numerus
1095 2541 1189 2603 omnis
1200 2541 1250 2622 qui

273 2661 289 2701 a
308 2643 338 2705 in
350 2659 447 2704 veram
462 2641 549 2702 tidem
562 2640 798 2722 conspiraverint.
814 2640 941 2703 Ecclesia
958 2641 995 2703 ah
1018 2649 1134 2704 auctore
1147 2661 1249 2704 cense-

273 2764 288 2806 o
312 2744 419 2831 turaEt
432 2744 495 2808 ideo
507 2743 641 2810 Ecclesia
655 2750 825 2823 potestatem
839 2745 1030 2822 agnoscimus,
1043 2746 1093 2807 sed
1107 2745 1250 2818 Eoolceioe·

273 2867 288 2910 a
308 2849 429 2930 Spiritus
438 2867 491 2930 per
501 2847 658 2930 spiritalem
671 2847 829 2922 homiuem,
839 2863 897 2908 non
908 2846 1163 2908 Ecclesiae-onmem
1173 2848 1249 2929 epis-

273 2969 288 3012 «
309 2970 447 3034 coporum
463 2953 522 3032 (d).
539 2971 554 3014 o

669 3093 856 3142 cernendus,

313 3205 408 3268 (Nos
442 3223 508 3267 cum
533 3204 694 3285 apostolicis
721 3204 854 3267 Ecclesiis
883 3204 1148 3281 communicamus,
1183 3227 1249 3288 quae

274 3327 290 3368 a
312 3327 393 3370 suam
407 3308 442 3370 ab
451 3307 586 3389 apostolis
600 3307 758 3370 doctrinam
772 3315 954 3390 acceperuut,
965 3309 1085 3388 apostoli
1097 3310 1113 3370 a
1123 3308 1247 3389 Christo,

274 3429 289 3471 o
311 3411 439 3474 Christus
452 3413 469 3472 a
483 3411 552 3472 lleo.
568 3409 610 3471 'l'u
625 3410 689 3490 quis
703 3411 897 3492 esi—quaudo,
913 3417 961 3473 eut
978 3412 1055 3474 unde
1067 3410 1168 3475 uenis‘.l
1190 3433 1248 3477 non

273 3532 289 3573 a
311 3516 327 3575 a
342 3513 453 3576 Christo
467 3512 575 3575 habens
589 3513 665 3592 quod
681 3513 716 3576 de
734 3517 781 3575 tut
796 3513 932 3577 electione
953 3521 1077 3577 sectatus
1095 3533 1136 3592 es,
1152 3513 1249 3578 Chris·
1356 3583 1359 3587 ,

273 3635 288 3675 c
310 3617 403 3678 lienus
417 3635 475 3679 non
490 3635 520 3678 es
533 3616 590 3695 (5).
610 3637 626 3677 ›>

305 3791 557 3856 (l)1lePraescript.‚
572 3791 584 3854 ᾖ
599 3791 625 3841 9.

304 3880 338 3945 (2)
356 3884 397 3932 lo.
414 3925 416 3930 ,

305 3971 406 4037 (3)1o.,
423 3973 436 4034 ς
450 3967 537 4021 dol-52.

305 4059 341 4125 (l)
354 4061 391 4112 lle
404 4059 523 4120 Pudicit,
536 4058 548 4120 ἕ
562 4059 604 4108 55.

306 4149 340 4216 (5)
355 4152 392 4202 lle
405 4151 562 4212 praescript„
578 4149 590 4210 5
604 4145 695 4198 ut-ol.
