3200 5067
280 434 320 472 rrr
665 418 857 472 protruditur.

234 543 236 555 ’
279 554 345 599 sum
361 536 480 599 materia
496 535 692 617 protendatur,
717 552 788 599 neve
801 534 972 598 violatorum
995 534 1081 598 aliem
1094 534 1212 597 dominii
1225 536 1263 598 n-

279 665 359 728 nium
370 664 500 729 meritam
513 664 694 727 incurramus
702 664 966 747 reprehensionem,
977 663 1025 725 ilia
1034 661 1142 743 quoodo
1151 664 1262 727 arcanis

198 866 207 877 ,
278 792 345 857 fidei
358 792 511 875 mysteriis,
527 798 697 873 argumenta
718 810 752 855 ex
772 792 939 857 auctoritate
952 792 1048 875 potiris
1065 792 1153 874 quim
1165 810 1202 855 ox
1212 811 1262 856 ra-

277 921 353 983 tione
376 938 504 1001 sumens,
529 920 693 1003 disputavit,
719 939 785 999 noa,
808 927 843 983 ut
864 927 990 1004 parest,
1008 920 1260 985 omittemusNon

277 1050 353 1132 quod
366 1050 414 1112 illa
428 1048 522 1128 nohis,
540 1049 591 1112 sed
609 1048 686 1131 quod
706 1049 760 1111 iliis
776 1068 829 1113 nos
839 1050 1002 1131 judicamus
1022 1048 1172 1129 indignos:
1192 1068 1258 1113 nam

274 1190 307 1246 ut
328 1201 473 1245 summurn
502 1188 663 1262 oratorem,
681 1181 814 1245 subtilem
836 1182 1060 1266 philosophum,
1085 1184 1259 1248 acerrimum

274 1308 340 1372 fidei
365 1309 500 1372 aduersus
523 1317 585 1371 rota
608 1312 656 1383 ἔξω
682 1309 872 1388 defensorem,
901 1312 941 1373 ita
967 1318 1147 1394 teotopdrasov
1173 1312 1259 1376 fuisse

274 1441 402 1503 omnium
426 1460 516 1525 usqne
539 1442 575 1505 ad
596 1460 650 1505 nos
673 1448 790 1505 aetatum
811 1448 1018 1524 auctorumque
1039 1444 1190 1508 consensio
1206 1443 1259 1507 de-

273 1580 424 1653 monstrat,
447 1574 522 1637 inter
545 1593 617 1656 quos
637 1574 754 1637 ultimus
776 1592 831 1638 nec
848 1574 984 1637 minimos
998 1573 1111 1638 Gallicae
1124 1574 1267 1639 Ecclesia·

272 1702 368 1781 Pater,
385 1704 541 1787 numquam
555 1702 614 1766 sord
628 1704 682 1766 nisi
695 1704 813 1789 honoris
827 1706 914 1767 causa
928 1681 1098 1786 Septimium
1115 1705 1256 1785 nominat,

272 1838 357 1913 atque
380 1832 524 1897 catholicae
553 1831 691 1898 doctrina
712 1833 910 1897 difficillimum
942 1851 1085 1916 quemque
1106 1832 1257 1895 maculam

270 1965 356 2046 qoam
370 1964 542 2029 lucidissime
553 1984 695 2047 exponere
709 1967 838 2043 studens,
852 1966 956 2048 saepius
967 1964 1096 2047 Septimii
1107 1967 1195 2047 quam
1206 1985 1257 2030 cu-

266 2096 368 2175 jusvis,
379 2074 500 2177 ¹euccpto
515 2115 568 2159 sno
582 2096 752 2174 Augustino,
767 2096 855 2159 verba
872 2103 1003 2177 usurpat.
1106 2180 1110 2187 Ι

312 2221 402 2313 Igitur
412 2240 475 2302 quae
488 2222 622 2285 adversius
634 2221 759 2300 Judaeos,
771 2222 920 2301 marcam,
930 2222 1091 2305 Appeliem,
1103 2222 1256 2306 Scripturis

270 2355 299 2411 et
316 2348 479 2411 Traditione
502 2355 640 2429 armatus,
663 2348 787 2429 disserit,
813 2353 993 2434 nequaquam
1007 2352 1091 2416 nobis
1104 2353 1255 2417 referenda

269 2479 448 2558 censuimus;
473 2480 527 2542 nisi
546 2479 619 2542 sorte
639 2498 746 2561 paucos
767 2479 872 2541 exiliis
889 2480 979 2558 iocos,
997 2482 1054 2561 qud
1070 2480 1256 2572 faciliusple-

268 2610 392 2691 nidisque
405 2609 577 2692 Septimiana
591 2608 703 2673 dicendi
716 2610 915 2691 scribendique
927 2610 1001 2672 ratio
1022 2617 1253 2689 cognosceretur,

269 2738 399 2803 inserere
422 2738 538 2821 profuit.
565 2738 634 2812 Qua
659 2738 794 2814 adversius
816 2737 1007 2817 Marcionem,
1032 2735 1253 2817 Hermogenem,

269 2877 443 2952 caeterosque
465 2888 565 2934 omnes
585 2870 701 2935 omnino
721 2868 879 2950 theologico
899 2868 1040 2951 disputata
1052 2867 1254 2933 animadverti-

268 3018 344 3079 mus,
364 3000 427 3083 pari
446 3000 603 3065 reverantia
622 3000 806 3063 reticuimus:
827 3018 892 3081 quae
909 2998 1004 3082 aliquo
1023 2999 1108 3062 modo
1123 2998 1253 3081 philoso·
1299 3012 1301 3017 ·

268 3130 362 3211 phicd,
377 3132 504 3212 arripere
513 3150 571 3193 non
581 3130 781 3209 dubitavimus,
794 3130 888 3210 iisque
897 3130 1052 3212 adjungere
1060 3129 1140 3193 libris
1148 3130 1252 3212 quibus

266 3258 405 3321 utendum
423 3258 487 3336 snit,
509 3266 553 3337 ut,
574 3258 678 3321 omissa
700 3259 852 3340 theologia,
875 3261 983 3339 integer
1001 3259 1119 3342 alioqui,
1137 3259 1162 3347 si
1175 3259 1251 3323 Deus

266 3386 410 3465 annuerit,
425 3384 544 3467 prodeat
557 3385 721 3468 Septimius.

304 3517 368 3581 iarn
379 3516 448 3598 quid
460 3515 651 3589 intendamus,
665 3522 694 3577 et
709 3532 795 3596 quam
809 3515 938 3597 opusculi
950 3516 1036 3597 hujus
1049 3516 1172 3578 sormam
1185 3532 1249 3604 esse

264 3646 384 3710 velimus
410 3642 590 3708 manifestum
614 3626 681 3707 cst:
709 3642 807 3724 paucis
828 3643 864 3706 de
886 3642 983 3706 Nostri
1004 3644 1061 3707 vita
1078 3644 1249 3725 ingenioque

263 3777 428 3864 praemissis,
448 3779 510 3859 ejus
531 3774 737 3839 controversias
755 3773 793 3837 ita
808 3774 898 3854 adire,
915 3781 948 3838 ut
967 3775 1035 3857 quid
1054 3774 1090 3838 de
1104 3774 1248 3837 beneficiis
1347 3830 1350 3839 .

263 3910 299 3973 ab
312 3907 437 3976 Ecclesia
451 3907 481 3969 in
495 3906 711 3989 Rempuhlicam
730 3904 850 3985 collatis,
867 3904 959 3987 doque
972 3903 1195 3967 Christianorum
1215 3902 1246 3965 in

263 4040 371 4103 civitate
386 4038 496 4118 officiis,
513 4038 581 4120 qnid
595 4038 630 4101 dc
644 4038 783 4118 moribus,
795 4037 863 4121 quid
876 4037 913 4101 de
925 4034 1114 4118 philosophia,
1129 4033 1245 4115 quidde
