3200 5067
374 461 422 514 tto
655 450 696 509 DE
713 457 742 521 Q.
761 460 788 510 S.
807 459 836 508 F.
853 454 1075 510 rsnructttrto

297 585 301 591 ⁴
375 574 461 637 tendo
474 571 620 654 impetrari
635 589 775 651 asserens,
789 573 1001 653 legitimamque
1014 577 1197 652 peccatorum
1213 557 1357 638 remissio·

375 695 441 740 nem
457 694 515 740 non
528 676 565 738 ad
572 674 728 739 Ecclesiam
737 682 766 739 et
782 676 896 756 quidem
915 676 1078 758 psychicum
1091 677 1308 758 pertinere,sed
1320 681 1356 743 ad

376 777 516 860 spiritales
526 778 601 858 (lege
614 777 811 853 Montanistos)
824 785 876 840 aut
888 779 925 842 ad
934 779 1108 859 apostolum,
1123 787 1173 841 aut
1182 781 1219 844 ad
1227 781 1360 862 propbe-

376 888 446 960 tam,
470 889 559 944 totum
578 882 738 944 christiane
756 881 876 944 civitatis
895 880 1026 944 ordinem
1046 882 1206 963 perturbat,
1224 885 1360 948 sacerdo-

379 983 507 1066 tiumque
525 985 604 1048 omni
630 985 657 1047 in
681 985 791 1047 animas
809 983 1008 1065 jurisdictione
1026 983 1161 1046 orbatum
1180 985 1218 1047 ad
1237 985 1359 1048 nibilum

379 1087 437 1150 tere
451 1089 563 1168 redigit.

416 1190 466 1252 lll.
481 1190 588 1253 Novam
607 1191 707 1254 exinde
733 1191 884 1270 jejunandi
904 1192 1028 1255 formam
1044 1192 1249 1270 vindicaturos,
1273 1211 1360 1272 quam

377 1295 448 1377 ipsa,
464 1295 589 1357 nondum
605 1293 746 1357 Paracleti
761 1294 969 1359 illuminatione
989 1305 1123 1374 caecatus,
1136 1297 1304 1373 nesciverat,
1319 1297 1361 1357 nil

377 1397 453 1460 aliud
467 1399 553 1478 quim
563 1397 668 1479 jejunii
688 1398 786 1459 laudes
808 1398 934 1460 celebrat
947 1417 955 1459 t
970 1398 1049 1461 dicas
1064 1399 1105 1460 illi
1129 1417 1195 1460 cum
1218 1398 1253 1460 iis
1265 1398 1344 1461 bure

378 1499 441 1562 licis
454 1500 599 1578 negotium
615 1517 678 1561 esse
692 1499 752 1580 qni,
764 1500 883 1562 sublatis
896 1500 1014 1563 omnino
1025 1501 1157 1582 iejuniis,
1168 1503 1283 1580 touque
1296 1519 1361 1562 con·

378 1603 456 1684 poris
472 1611 586 1674 ἀσκήσει,
607 1602 768 1666 christianae
789 1604 944 1684 disciplinae
957 1605 1103 1667 dimidiam
1119 1611 1228 1686 partem
1242 1605 1358 1682 tollunt,
1472 1604 1474 1607 ’

379 1705 456 1767 obliti
471 1707 539 1766 sane
553 1705 648 1768 carnis
665 1707 799 1804 adversis
821 1706 953 1786 spiritum
974 1707 1231 1789 concupiscentiam
1246 1724 1360 1787 quoquo

378 1809 464 1872 modo
478 1811 712 1891 compescendam
728 1829 803 1888 esse,
817 1818 849 1872 ut
865 1828 946 1872 mens
968 1809 1021 1872 sibi
1040 1828 1141 1872 vacare
1154 1809 1244 1871 libera
1258 1808 1359 1871 valeat.

379 1913 466 1991 Deus,
477 1914 579 1995 inquil,
589 1921 654 1995 post
667 1915 751 1994 longa
759 1914 870 1995 jejunia
882 1933 914 1976 se
922 1913 995 1976 llosi
1005 1913 1034 1975 in
1046 1920 1144 1975 monte
1152 1912 1360 1989 Sina‚Heliaein

381 2014 474 2078 Horeb
484 2017 618 2096 ostendit,
633 2017 796 2096 significans
809 2034 862 2098 per
870 2017 947 2097 piam
962 2016 1086 2078 inediam
1097 2016 1206 2078 aditum
1219 2016 1256 2077 ad
1268 2015 1367 2076 divina
1462 2076 1465 2080 .

379 2126 487 2200 patere.
504 2122 621 2195 Quoties
632 2121 790 2203 jejumando
806 2121 1029 2201 indignationem
1040 2120 1153 2183 Domini
1166 2128 1300 2200 certaque
1313 2137 1362 2201 pe

379 2225 468 2287 ricula
490 2228 506 2287 d
528 2245 559 2289 se
580 2226 681 2289 avertit
701 2225 805 2288 lsrael!
822 2226 1000 2305 Quamquam
1015 2224 1083 2306 quid
1101 2223 1137 2286 de
1149 2223 1254 2286 israele
1267 2223 1361 2304 loqui·

380 2346 465 2405 mur,
493 2330 559 2390 cuim
590 2329 744 2392 deterrimo
766 2328 886 2407 Achab,
915 2327 1077 2391 infidelibus
1102 2326 1209 2389 Nininae
1236 2320 1357 2401 incolis,

380 2438 497 2512 propter
511 2431 586 2494 obita
598 2433 707 2514 jejunia
721 2432 895 2514 ignoscatur.
903 2431 1064 2512 Jejunando
1075 2429 1173 2493 Daniel
1183 2427 1362 2492 somniorum

380 2536 641 2618 interpretationem
656 2538 852 2618 consequitur.
867 2535 904 2598 Ut
917 2519 1109 2615 monogamia,
1129 2535 1166 2597 ild
1175 2533 1286 2615 jejunia
1299 2533 1361 2595 An-

374 2637 447 2701 nam
461 2641 490 2702 in
505 2637 678 2720 singularem
693 2640 844 2721 designant
851 2640 1003 2716 bonorem,
1016 2648 1049 2702 ut
1059 2639 1194 2702 infantem
1207 2637 1360 2700 Dominum

380 2743 532 2827 intemplo
553 2752 703 2824 agnoscat3
723 2762 774 2827 per
790 2743 901 2828 jeiunia
913 2762 966 2805 nos
987 2743 1071 2830 docet
1086 2741 1214 2805 Christus
1227 2741 1362 2804 adversius

381 2845 485 2909 diriora
506 2847 645 2910 demonia
664 2833 888 2930 depugnandum
908 2848 968 2928 (2).
992 2846 1122 2928 Denique
1132 2845 1242 2927 jejunia
1256 2862 1360 2927 propo-

381 2957 488 3013 nuntur
503 2970 519 3012 n
534 2970 592 3014 non
613 2953 705 3014 soldm
729 2952 765 3014 ad
778 2951 987 3033 impetrandam
1004 2951 1121 3013 tutelam
1141 2952 1204 3031 ejus
1225 2955 1277 3011 aut
1297 2966 1361 3027 gra·

382 3054 506 3132 ctiam,
539 3055 590 3118 sed
612 3056 648 3118 ad
678 3055 923 3136 pnaemuniendam
946 3073 998 3136 por
1023 3053 1215 3134 nosmetipsos
1242 3050 1361 3114 novissi·

384 3176 399 3219 t
422 3175 534 3220 morum
557 3163 719 3239 temporum
746 3157 951 3235 conditionem,
967 3158 1033 3221 adm
1058 3175 1157 3220 carcer
1175 3156 1360 3234 ediscendus,

385 3279 400 3320 t
421 3279 454 3322 ac
467 3261 556 3325 tames
568 3271 597 3325 et
607 3263 667 3326 sitis
679 3264 855 3342 exercenda,
867 3269 897 3324 et
908 3269 966 3324 mm
978 3261 1079 3328 inedie
1090 3261 1177 3342 quem
1189 3259 1361 3321 anxiivicbis

384 3383 399 3423 a
421 3364 568 3427 tolerantia
582 3369 744 3447 usurpanda
758 3368 805 3445 sit,
818 3375 850 3429 ut
863 3367 892 3427 in
905 3383 1049 3428 carcerem
1062 3364 1125 3426 talis
1135 3364 1258 3425 introeat
1269 3362 1362 3426 Chris·

385 3483 400 3523 a
422 3464 526 3543 tianus,
548 3466 639 3547 qualis
659 3468 726 3530 inde
744 3469 903 3550 prodisset;
924 3487 982 3531 nou
1004 3485 1118 3550 poenam
1138 3467 1359 3548 illicpassurns,

385 3586 400 3627 t
420 3567 473 3630 sed
485 3567 680 3651 disciplinnm3
697 3572 1079 3649 necsaeculitonmenta,sed
1089 3590 1140 3633 sua
1150 3570 1257 3649 oificia3
1271 3571 1362 3650 edqne

365 3692 400 3733 .‹
423 3674 556 3738 fidentior
575 3655 766 3764 processurus
785 3677 821 3740 ad
841 3685 984 3740 certamen
999 3675 1211 3754 ecustodid3...
1226 3672 1295 3735 nihil
1310 3673 1363 3733 ba·

385 3799 401 3840 c
424 3779 495 3844 bens
508 3782 612 3860 carniS,
623 3783 664 3846 sic
677 3789 709 3844 ut
722 3801 775 3846 nec
784 3766 909 3848 habeant
922 3781 1280 3856 tormenta'materiam3...
1291 3794 1363 3858 prae·

324 3926 326 3930 -
387 3903 402 3944 t
425 3885 510 3947 misso
527 3887 588 3966 Jam
603 3887 747 3965 sanguinis
760 3907 857 3966 succo,
877 3889 1011 3968 tanquam
1026 3887 1128 3950 animae
1142 3882 1361 3971 impedimentis,

418 4083 686 4150 mmmmdl
