3200 5067
511 516 694 568 OPUSCULUM
712 517 972 570 rtlttosortttctttt.
1192 524 1225 572 ut

250 649 267 691 a
288 631 359 708 licti,
374 632 515 708 interdum
537 638 565 694 et
583 647 617 691 ex
635 630 754 712 alicujus
777 631 846 693 boui
868 632 963 712 operis
976 631 1104 712 paenitet,
1120 633 1184 696 ided
1197 642 1226 696 et

249 749 270 793 c·
289 734 379 796 Deum
394 733 523 816 preinde.
534 733 566 795 ln
576 735 714 814 quautdm
728 735 806 796 enim
820 753 875 797 nec
887 735 962 798 Deus
971 737 1079 797 malum
1091 738 1223 816 admittit,

250 857 266 898 c
289 856 343 900 uec
362 837 468 919 bunum
493 839 620 916 damnat,
644 838 673 899 iu
699 835 885 901 tantdm'uec
903 839 1078 920 poeuitentiae
1096 839 1227 902 bouiaut

249 961 265 1003 c
288 942 355 1004 mali
375 943 451 1023 apud
472 961 538 1005 eum
557 945 636 1006 locus
659 949 712 1006 est.
728 939 798 1016 Quis
819 943 888 1020 ergb
902 943 957 1004 erit
975 960 1039 1005 mes
1053 942 1227 1022 poeniteutite

249 1063 265 1105 <c
288 1045 485 1108 divinae-Nam
499 1046 619 1124 relucet,
636 1031 737 1108 sinon
754 1047 790 1107 ad
811 1047 950 1107 humanas
972 1045 1148 1108 conditiones
1162 1063 1225 1108 eam
1299 1064 1303 1071 ·

249 1167 265 1208 c
287 1148 403 1210 referas.
416 1147 491 1210 Nihil
504 1149 578 1211 enim
591 1149 667 1211 aliud
681 1149 853 1228 intelligetur
870 1151 957 1230 qudm
972 1147 1092 1230 simplex
1105 1167 1226 1212 couver-
1298 1205 1304 1212 .

249 1233 330 1313 «sio
356 1253 505 1314 sententiae
531 1253 654 1334 prioris,
684 1273 736 1335 pm
765 1273 864 1316 rerum
886 1254 1057 1316 variantium
1084 1273 1148 1318 sese
1176 1273 1226 1317 oc-

249 1375 372 1434 ccursu
390 1358 450 1437 (l).
468 1377 484 1418 n
500 1356 607 1420 Eadem
623 1349 734 1420 ratione
756 1359 847 1422 Deum
868 1359 951 1421 irasci
971 1357 1083 1420 licebit:
1100 1378 1116 1419 c
1137 1359 1226 1422 tusti-

247 1481 262 1521 «
284 1461 352 1523 tiam
372 1463 438 1524 a‘nte
452 1461 546 1523 omnia
558 1461 664 1542 judicis
680 1463 798 1544 dispice,
823 1463 904 1543 cujus
926 1463 950 1524 si
970 1462 1041 1525 ratio
1056 1461 1223 1539 constiterit,

247 1585 261 1625 a
283 1573 351 1628 tuuc
365 1574 394 1628 et
407 1567 553 1643 severitas,
569 1573 598 1628 et
620 1585 672 1647 per
693 1557 757 1646 quaa
778 1565 912 1627 seneritas
928 1565 1064 1641 decurrit,
1079 1564 1183 1626 rationi
1195 1573 1225 1626 et

246 1670 397 1751 «justitiae
426 1669 638 1750 deputabuntur
642 1714 735 1731 .....
767 1668 846 1730 Bona
868 1668 944 1731 euim
975 1667 1129 1744 severitas,
1155 1668 1224 1747 quia

245 1793 261 1832 <c
280 1775 370 1853 justa,
388 1773 413 1834 si
429 1773 521 1834 bonus
536 1773 635 1853 juder,
651 1773 716 1854 quia
737 1775 846 1853 justus.
868 1771 940 1833 ltem
955 1778 1058 1834 caetera
1070 1772 1157 1848 bona,
1172 1791 1224 1852 per

246 1897 261 1938 c
285 1895 349 1958 quae
372 1895 444 1958 opus
466 1875 575 1938 bonum
597 1877 686 1938 currit
707 1877 791 1938 bonae
814 1876 981 1953 severitatis,
1007 1876 1067 1966 sive
1088 1877 1142 1952 ira,
1164 1875 1224 1936 sive

245 2003 260 2042 «
284 1981 439 2058 aemulatio,
455 1980 512 2042 sive
526 1980 641 2044 saevitia.
658 1981 753 2058 Longe
765 1998 865 2042 sumus
880 1978 1047 2041 esculentia
1061 1997 1161 2040 aarum
1175 1980 1224 2060 qui

246 2105 261 2146 <c
284 2087 385 2150 nolunt
398 2083 489 2148 Deum
506 2103 607 2147 curare
623 2085 793 2166 quidquam;
809 2083 914 2165 quippe
927 2083 1018 2145 Deum
1036 2101 1096 2144 non
1107 2082 1144 2144 ab
1155 2083 1225 2164 llpi·

246 2209 262 2248 c
283 2208 351 2251 curo
365 2189 564 2253 erudimur...
580 2187 649 2251 Indd
662 2190 738 2249 uenit
752 2188 788 2250 ad
801 2189 952 2251 haereticos
965 2207 1079 2270 queque
1096 2188 1237 2251 definitio·

244 2313 259 2352 c
281 2294 444 2374 hujusmodi
456 2313 463 2353 :
475 2293 498 2356 si
513 2293 587 2354 lleus
602 2293 743 2371 irascitur,
759 2302 788 2356 et
802 2294 965 2370 aemulatur,
981 2301 1010 2355 et
1023 2289 1178 2369 extollitur,
1193 2299 1223 2354 et

243 2416 258 2456 a
282 2397 481 2472 exacerbatur,
492 2399 561 2474 ergb
570 2404 598 2458 et
609 2404 820 2478 corrumpetur,
829 2401 899 2478 erge
908 2405 937 2461 et
949 2395 1098 2458 morietur.
1111 2395 1222 2459 Stultis-

152 2492 168 2505 ”
246 2519 260 2559 c
283 2501 357 2579 simi,
367 2501 416 2582 qui
430 2491 465 2562 de
474 2500 605 2563 humanis
618 2501 708 2564 diviua
724 2502 923 2583 praeJudicant,
934 2509 977 2579 ut,
986 2501 1121 2582 quoniam
1131 2501 1162 2562 in
1170 2501 1223 2562 ho-

246 2623 260 2662 u
283 2605 359 2670 mine
367 2603 552 2686 corruptoriae
562 2604 730 2666 conditionis
740 2587 1053 2685 habenturhujusmcdi
1062 2605 1219 2686 passiones,

246 2726 261 2766 c<
283 2706 388 2769 idcircb
403 2714 431 2769 et
456 2708 486 2768 iu
506 2706 564 2769 Deo
587 2709 717 2789 ejusdem
739 2713 829 2772 status
856 2697 1064 2772 existimentur.
1084 2709 1220 2770 Discerne

247 2831 261 2869 c
286 2809 467 2888 substautias,
484 2818 587 2874 etsuos
597 2813 637 2874 eis
648 2812 785 2874 distribue
801 2815 982 2885 semustam
995 2813 1120 2874 diversus
1133 2813 1220 2893 quam

247 2935 262 2975 c
284 2911 448 2987 substantiae
459 2916 584 2994 exiguurt,
600 2916 664 2978 licet
678 2917 820 2979 vocabulis
834 2917 1044 2980 communicare
1057 2917 1218 2979 videantur.

247 3039 261 3079 «
282 3019 353 3096 Nam
368 3029 397 3084 et
409 3021 565 3097 dexteram,
582 3025 610 3082 et
624 3020 732 3097 ocutos,
743 3026 772 3081 et
780 3018 866 3100 pedes
878 3020 928 3081 Dei
943 3018 1080 3098 legimus,
1089 3037 1143 3080 nec
1156 3015 1224 3082 ided-

153 3139 154 3144 ’
247 3148 261 3185 u
284 3134 378 3190 tamen
398 3126 531 3189 humanis
553 3124 804 3206 comparabuntur,
829 3123 896 3204 quia
916 3121 952 3185 de
970 3123 1222 3204 appellationem-

247 3229 442 3293 «ciuntur...
476 3228 620 3309 Siquidem
650 3228 739 3291 Deum
766 3229 945 3306 confitendo,
975 3227 1221 3309 praejudicarimus

247 3357 262 3397 c
284 3336 365 3398 illum
388 3335 424 3397 ab
444 3333 523 3408 *omni
547 3334 737 3426 humanarum
759 3332 954 3395 conditionum
975 3333 1111 3414 qualitate
1127 3332 1222 3393 diver·

247 3459 261 3501 «
284 3459 385 3518 sum...
404 3438 471 3502 llaec
484 3439 552 3516 ergb
567 3437 707 3499 censenda
722 3443 765 3498 est
778 3435 830 3498 Dei
850 3437 944 3516 imago
958 3436 987 3497 in
1000 3435 1128 3513 bomine,
1144 3435 1223 3515 qudd
1317 3443 1322 3451 ’

247 3563 261 3603 c
284 3545 399 3607 eusdem
411 3549 508 3605 motus
529 3549 557 3603 et
570 3558 671 3603 sensus
684 3541 788 3604 habeat
809 3541 953 3604 humanus
967 3541 1089 3615 animus,
1104 3558 1176 3619 quas
1190 3548 1222 3601 et

247 3667 264 3706 r
283 3649 369 3727 Deus,
391 3648 457 3710 licet
476 3665 533 3708 non
548 3646 618 3707 tales
631 3646 730 3726 quales
745 3643 831 3707 Deus.
853 3645 908 3707 Pro
929 3642 1085 3704 substantii
1102 3641 1222 3702 enimet

247 3751 272 3810 c
288 3761 378 3816 status
403 3771 502 3814 eorum
519 3758 547 3812 et
569 3751 660 3812 exitus
683 3749 839 3810 distant...
865 3747 1007 3808 Irascetur
1029 3743 1114 3820 igitur
1133 3743 1220 3819 Deus,

247 3875 261 3915 c
284 3858 402 3920 sednon
419 3855 644 3932 exacerbabitur,
660 3854 782 3916 sednon
807 3848 1030 3932 periclitabitur:
1047 3846 1218 3921 movebitur,

247 3981 261 4022 <c
283 3964 331 4023 sed
358 3981 416 4022 nou
440 3968 592 4022 evertetur.
622 3959 722 4021 Omnia
748 3974 865 4019 neccsse
888 3960 930 4016 est
953 3952 1083 4013 adhibeat
1103 3956 1221 4032 propter

278 4168 312 4229 (l)
326 4167 389 4218 Adr.
404 4167 493 4226 Mara,
508 4165 540 4226 ll,
556 4165 567 4226 §
583 4163 623 4215 tl.

1130 4241 1146 4291 6
