3200 5067
464 594 465 597 Ἴ
499 528 684 583 OPUSGULUM
701 528 960 581 ruthosortrtcttrt.
1044 557 1050 570 ι
1191 530 1218 579 tt

245 645 338 725 neque
352 658 449 705 rerum
464 642 535 705 ordo
553 644 644 720 deest,
660 660 752 724 neque
773 642 910 722 elegantia
924 642 1074 704 sermonis.
1091 643 1139 721 tt,
1154 642 1222 705 dum

245 751 300 813 leni
314 749 506 831 aequabilique
517 768 603 811 cursu
621 748 731 826 defluit,
752 748 864 809 nullum
878 747 939 809 fere
955 746 1074 809 veroum
1088 749 1224 811 adhibens

245 856 326 934 eujus
340 854 417 934 apud
440 852 554 935 optimae
572 852 718 915 latinitatis
742 859 874 913 auctores
896 869 955 912 non
974 850 1113 913 invenerit
1128 870 1224 914 enem-

198 980 201 983 ·
245 956 336 1037 plum,
353 956 472 1019 feliciter
485 956 602 1034 imitari,
624 955 732 1019 nonde
746 955 864 1037 proprio
878 954 994 1017 haurire
1009 955 1088 1017 fonte
1104 956 1226 1033 videtin,

246 1068 277 1123 ut
291 1059 379 1123 laxior
394 1062 456 1141 ejus
469 1062 636 1140 enervisque
657 1059 786 1123 facundia
809 1058 889 1122 rudis
905 1058 993 1134 illius,
1012 1076 1071 1140 quo
1091 1058 1230 1138 magister

116 1204 122 1220 ,
244 1165 389 1243 utebatur,
405 1164 468 1247 styli
483 1165 654 1229 desiderium
672 1164 802 1227 incutiat,
816 1162 850 1225 h.
866 1162 1057 1242 augustinum
1072 1170 1103 1225 et
1114 1162 1227 1244 aquilea

244 1270 305 1333 acie
318 1268 423 1349 ingenii
437 1270 533 1333 omnia
547 1270 583 1333 de
603 1269 718 1333 sublimi
732 1268 838 1331 uertice
851 1266 1060 1349 prospicientis,
1080 1276 1110 1332 et
1127 1268 1227 1331 erudi-

243 1374 343 1437 tissimi
356 1374 613 1456 elegentissimiquo
626 1372 768 1437 sermonis
784 1379 933 1434 venustate
947 1379 1083 1452 prestare
1100 1371 1164 1453 quis
1175 1388 1226 1433 ne·

243 1479 311 1558 get‘l
335 1479 398 1557 sed,
422 1480 491 1543 dum
515 1480 681 1556 rethorum,
705 1496 777 1559 quas
798 1476 909 1538 'lollius
930 1483 1025 1553 rotat,
1047 1475 1163 1557 ineptiis
1182 1476 1227 1537 ni-

213 1594 215 1601 ·
243 1582 334 1645 mium
346 1584 474 1661 inseruit,
491 1582 573 1645 virile
586 1582 712 1663 alioquin
727 1579 919 1644 effeminatur
930 1579 1089 1659 ingenium,
1100 1579 1227 1661 fugitque

237 1686 369 1767 perfecta
398 1688 447 1749 illa
469 1688 593 1769 vereque
620 1686 711 1765 attiae,
734 1683 910 1766 simplicitas.
939 1682 1018 1745 Unus
1040 1682 1224 1761 Athanasius,

244 1790 334 1851 stads
348 1808 407 1853 suae
419 1790 552 1853 vitiorum
565 1790 688 1869 integer,
702 1806 901 1870 germanaeque
914 1796 1040 1851 veterum
1058 1788 1227 1870 eloquentie

245 1893 372 1956 referens
385 1894 553 1973 imaginem,
569 1895 608 1957 ita
625 1890 789 1959 Christianae
802 1895 927 1957 veritatis
942 1895 1123 1977 splendorem
1137 1894 1227 1957 oeulis

245 1998 371 2078 exponit,
386 1998 424 2061 ita
439 1999 564 2078 singulos
582 1998 619 2063 de
636 1998 689 2063 diis
710 2017 825 2062 errores
844 1999 880 2061 ad
902 2018 984 2061 suam
1003 2005 1118 2061 revocat
1137 1998 1226 2079 origi-

245 2120 323 2178 nem,
339 2109 370 2164 ut
379 2104 528 2165 materiam
542 2122 630 2185 opere
641 2104 701 2166 ferd
712 2122 843 2185 aequasse
856 2104 995 2182 rideatur,
1012 2110 1043 2165 et
1054 2103 1085 2165 in
1099 2103 1225 2167 nobilem

243 2205 320 2295 illam
335 2212 495 2287 petitarum,
512 2214 677 2285 oratorum,
693 2208 929 2289 philosophorum
949 2217 1064 2287 gentem
1081 2217 1226 2273 mereatur

242 2310 384 2389 adrogari,
400 2329 474 2391 quae,
491 2311 527 2373 ah
538 2310 688 2374 Homerico
698 2311 775 2374 fonte
790 2312 927 2393 profecta,
940 2313 1133 2376 immortalem
1145 2312 1225 2377 Grae·

242 2417 293 2478 eiae
307 2415 419 2481 laudem
428 2418 550 2499 peperit,
565 2424 604 2496 et,
620 2418 786 2500 aliquandiu
799 2419 934 2495 exhneta,
947 2418 1063 2481 tandem
1076 2418 1105 2479 in
1121 2416 1225 2480 Christi

242 2520 963 2604 seholrs,numineafflata,pnriorrevixit.hurenni
975 2521 1225 2605 itaqueoonserip-

241 2624 278 2685 sit
287 2642 369 2706 opus,
385 2624 415 2685 in
430 2644 486 2706 quo
501 2626 593 2707 ipsam
607 2626 760 2689 Veritatem
772 2626 863 2689 audiri
871 2625 990 2704 eredas,¹
992 2628 1054 2707 jam
1068 2626 1104 2689 de
1113 2630 1221 2688 sesua·

242 2746 297 2809 quo
310 2728 426 2790 victoria
440 2748 589 2793 securam:
607 2732 652 2793 eui
667 2730 707 2791 nil
728 2731 833 2794 nostris
853 2730 882 2791 in
898 2729 1077 2811 temporibus
1090 2731 1222 2794 conferre

242 2832 345 2909 ausim,
361 2840 466 2913 praeter
479 2835 626 2913 egregium
641 2834 787 2895 Fouelonii
802 2834 838 2895 de
852 2833 1004 2894 Existentid
1017 2833 1068 2895 ssei
1080 2834 1223 2914 libellum,

242 2934 272 2995 in
286 2954 343 3016 quo
359 2952 458 2999 verum
468 2937 689 3017 pulchrumque,
703 2936 776 2997 mire
788 2935 864 2999 inter
876 2952 908 2996 se
918 2934 1083 3014 conjuncta,
1094 2945 1224 2999 mutuam
1279 2976 1282 2980 >

244 3038 365 3103 alterum
383 3039 465 3103 alteri
477 3041 569 3102 lucem
583 3040 743 3103 remittunt.

285 3144 349 3207 Nou
366 3151 556 3227 temperatum
570 3144 651 3223 illud,
666 3148 875 3225 venustumque
886 3142 998 3206 dicendi
1009 3162 1098 3223 genus
1111 3151 1226 3207 montes

243 3258 287 3313 ost
306 3251 476 3336 Sepumius3
501 3251 606 3333 quippe
623 3250 683 3331 qui,
707 3267 765 3311 non
789 3248 926 3328 magistro
939 3249 1051 3332 placide
1066 3268 1135 3313 suos
1153 3250 1225 3313 allo·
1327 3248 1331 3253 ’

244 3356 341 3437 quanti
353 3354 465 3431 similis,
480 3354 532 3417 sed
554 3354 659 3417 oratori
681 3362 795 3416 oausam
820 3352 896 3435 apud
918 3353 1161 3436 infensosjudiees
1175 3373 1226 3417 ae-

244 3467 320 3538 turo,
335 3478 392 3522 non
407 3460 465 3521 tam
481 3459 615 3541 loquatur
628 3459 713 3540 quam
727 3456 884 3539 praelietnr,
898 3476 1103 3540 assensumque
1112 3459 1226 3523 audito-

244 3566 284 3628 ris
297 3567 392 3648 potiris
406 3566 593 3648 rapiatquhm
605 3565 659 3627 sihi
672 3564 815 3628 conciliet.
827 3563 885 3627 Nee
893 3564 963 3627 mihi
973 3564 1169 3627 mernorohilia
1175 3566 1225 3645 ju·

244 3668 317 3733 dioia
326 3670 421 3732 animo
430 3668 651 3750 referenti,quae
660 3668 780 3731 summis
788 3668 963 3749 antiquitatis
974 3668 1225 3732 oratoribusoeea·

122 3842 125 3848 r
211 3779 213 3781 ’
245 3773 353 3836 sionem
366 3772 634 3855 praebuerunttogae
649 3790 736 3855 super
751 3790 831 3833 arma
845 3770 1024 3848 extollendae,
1034 3772 1126 3833 ullum
1137 3790 1223 3856 spee-

246 3878 299 3939 tari
307 3878 419 3957 dignius
436 3878 571 3941 occurrit.
589 3878 651 3941 Sive
666 3877 742 3939 enim
756 3893 841 3940 reum
854 3874 1001 3957 respicias,
1016 3873 1107 3937 dimna
1122 3875 1225 3936 venies

246 3989 405 4061 accusatur,
421 3978 580 4063 Christique
591 3980 729 4057 Bedesis,
745 3978 809 4040 novi
821 3978 964 4044 sertorum
983 3979 1089 4040 ordinis
1101 3993 1223 4056 parens;

120 4086 123 4090 ’
246 4088 304 4151 sive
327 4088 503 4166 concionem,
529 4104 617 4167 genus
639 4086 798 4177 humanum
821 4085 958 4162 attendit3
980 4082 1041 4145 sire
1055 4078 1185 4163 judiees,
1206 4081 1223 4141 t

247 4192 368 4272 Caesare,
389 4196 505 4257 secaredet
526 4198 588 4274 post
602 4190 691 4255 Deum
710 4192 857 4269 majestate,
875 4190 1020 4270 adipsum
1032 4187 1122 4250 Mum
1136 4185 1223 4248 eausa
