3200 5067
380 447 416 496 us
503 501 507 510 ,
662 445 703 496 nn
720 446 750 507 o.
770 447 796 496 s.
817 445 845 496 v.
864 444 1133 498 vsnrnnnme'

386 578 401 618 a
423 559 529 632 omnia,
546 565 574 624 et
588 557 660 621 bam
676 566 793 640 propter
806 559 955 637 scelestos,
971 566 1000 620 et
1022 558 1111 622 bilem
1127 569 1250 642 propter
1265 562 1363 642 ingra-

385 670 477 741 atoS,
501 669 530 726 et
553 663 763 731 emulationem
786 669 905 746 prepter
926 663 1077 745 superbos,
1102 671 1131 726 et
1149 664 1288 747 quidquid
1306 685 1362 730 non

384 783 400 828 a
422 767 533 848 expedit
544 765 626 828 malis
642 766 702 846 (t).
720 785 736 828 n
838 772 840 776 “

390 911 393 915 -
420 869 470 942 His
484 870 552 934 satis
566 869 671 932 cavisse
687 869 796 935 videtur
811 867 963 950 Septimius
982 870 1127 950 objectum
1144 872 1363 954 anthropomor-

379 973 466 1054 pbitis
478 974 597 1050 crimen,
616 990 739 1053 qnorum
752 971 782 1033 in
796 971 960 1034 societatem
974 973 991 1034 d
1007 972 1188 1054 quibusdam,
1203 975 1362 1040 immeritus

380 1077 551 1156 lautusque,
561 1076 715 1153 relegatur.
727 1074 810 1148 Qubd
818 1075 843 1136 si
854 1075 981 1156 pleniora
989 1076 1182 1158 lucidioraque
1191 1081 1268 1160 apud
1281 1081 1361 1145 illum

380 1180 622 1258 deside-ennam
631 1179 812 1257 adversabor,
820 1178 908 1242 modb
913 1180 1018 1258 verbis,
1029 1199 1087 1244 non
1097 1182 1245 1260 decumae,
1254 1183 1360 1268 aliquid

378 1285 476 1348 deesse
485 1302 631 1362 agnoscas.
641 1282 827 1360 Praetereunt
840 1283 1039 1362 recogitaveris
1052 1292 1158 1366 quanta
1172 1285 1208 1348 ab
1221 1287 1360 1368 Epicurei

377 1389 425 1452 itta
444 1387 570 1474 numinis
587 1387 785 1450 immobilitate
798 1387 928 1450 moribus
948 1388 1074 1470 pericula
1089 1386 1284 1470 imminerent,
1301 1392 1361 1455 haee

377 1491 716 1559 omniadeverolleodioi
725 1492 851 1574 patieris,
860 1493 1232 1559 modbmentibusomnium
1239 1495 1359 1559 infixum

377 1600 474 1676 luerit,
485 1598 668 1674 nondelleo,
679 1597 858 1679 inquantum
870 1598 945 1662 Deus
960 1606 1013 1676 est,
1028 1599 1094 1676 diei,
1109 1600 1160 1663 sed
1174 1599 1210 1662 ad
1225 1618 1278 1678 nps
1292 1619 1360 1683 spec

377 1713 450 1782 tare,
463 1704 499 1766 ad
508 1722 561 1766 nes
574 1702 686 1779 reterri,
703 1703 755 1764 eta
767 1702 827 1764 Deo
841 1709 958 1783 propter
966 1721 1020 1764 nos
1033 1702 1170 1765 exerceri.
1179 1704 1269 1766 Amor
1282 1704 1359 1768 enim

376 1808 457 1884 beni,
467 1825 524 1888 quo
538 1806 599 1888 ipso
613 1824 645 1868 se
656 1805 732 1868 Deus
743 1805 902 1868 necessario
914 1805 1014 1884 diligit,
1025 1823 1082 1866 non
1094 1805 1155 1869 sine
1168 1808 1357 1872 summomati

264 1941 267 1946 ·
376 1913 454 1994 quod
464 1911 500 1974 ab
517 1909 633 1972 homine
654 1908 823 1986 admittitur,
841 1907 900 1970 sive
916 1908 993 1986 edio,
1015 1907 1073 1970 sive
1095 1907 1171 1988 qued
1184 1909 1262 1973 aliud
1275 1910 1357 1974 malis

375 2015 516 2096 ejusmodi
524 2032 642 2092 nomen,
652 2013 777 2076 existere·
783 2020 892 2094 potest,
903 2020 988 2094 atque
996 2013 1052 2074 hee
1060 2012 1188 2091 nenvine,
1198 2015 1357 2095 quodcum-

376 2137 432 2200 que
451 2119 504 2196 sit,
520 2118 610 2194 nam,
625 2116 724 2193 bilem,
744 2116 967 2195 indignationem
982 2115 1121 2201 contineri
1140 2117 1204 2198 quis
1217 2137 1276 2180 non
1289 2138 1357 2200 per·

378 2222 482 2304 spicit‘l
1155 2237 1158 2240 ’

401 2309 520 2390 'Eadem
543 2343 628 2388 eausa
651 2325 819 2408 Septimium
841 2326 953 2408 impulit
975 2332 1018 2404 nt,
1041 2327 1280 2407 quemadmodum
1299 2327 1356 2404 beo

375 2431 447 2494 iram
461 2428 641 2505 attribuerat,
657 2447 694 2490 ne
707 2428 898 2490 humanarum
911 2446 1010 2490 rerum
1024 2427 1133 2490 nullam
1146 2446 1244 2491 euram
1258 2446 1357 2508 gerere
1432 2441 1439 2456 ·
1551 2428 1552 2445 ¹

374 2533 526 2610 videretur,
550 2532 588 2592 ita
610 2549 780 2612 corporeum
803 2533 935 2610 tingeret,
957 2550 994 2593 ne
1014 2531 1109 2593 nullus
1126 2531 1303 2594 crederetur.
1323 2531 1357 2593 ln

374 2656 431 2720 quo
449 2643 575 2700 mentem
598 2636 743 2717 scriptoris
761 2654 820 2698 nan
841 2637 923 2698 aliter
940 2655 1094 2718 possumus
1110 2655 1259 2715 excusare,
1271 2638 1356 2719 qutm

373 2743 399 2806 si
417 2739 532 2824 pessimi
545 2741 698 2806 verbemm
717 2741 824 2804 abusus
842 2759 926 2804 reum
947 2758 1145 2820 agnoscamus.
1166 2740 1263 2816 Quum
1278 2741 1355 2806 enim

373 2849 511 2910 nminem
526 2865 581 2910 esse
600 2845 841 2908 confidentissime
860 2844 1025 2924 prenuntiat
1039 2845 1087 2924 pai
1105 2844 1190 2906 neom
1205 2853 1282 2925 nepot
1293 2865 1356 2916 eor-

370 2971 482 3030 poreom
499 2951 559 3030 (2),
575 2957 624 3014 aut
637 2949 759 3012 bominis
772 2949 897 3010 frontem
911 2948 1000 3010 miror
1014 2947 1259 3030 impudentissime
1274 2966 1356 3014 men-

372 3055 478 3132 tientis,
494 3062 544 3118 aut
558 3053 682 3136 suspicio
694 3053 782 3130 subit,
799 3051 1009 3132 vocabuloque
1026 3051 1115 3115 laeder
1132 3070 1235 3117 nevam
1252 3071 1354 3135 quam·

372 3162 450 3237 dem,
466 3162 564 3222 eontra
575 3161 624 3240 jus
641 3159 751 3239 sasque,
766 3159 829 3222 dari
842 3157 1088 3238 significationem.
1113 3158 1197 3232 Quod
1217 3162 1354 3223 merente

372 3262 511 3343 suspicari
524 3262 585 3343 ipse
601 3263 753 3343 Septimius
771 3262 838 3325 alibi
852 3264 1039 3340 demonstrat,
1054 3281 1158 3345 eorpus
1173 3265 1353 3327 substantium

371 3367 497 3444 enjuspue
519 3366 561 3426 rei
583 3365 629 3446 (3)
646 3383 709 3428 esse
728 3365 878 3443 deliniens,
892 3372 989 3447 atque,
1009 3373 1040 3427 ut
1052 3365 1195 3446 sequitur,
1210 3365 1246 3426 de
1258 3363 1352 3426 anima

370 3471 591 3545 argumentans:
610 3486 625 3528 a
642 3465 713 3529 Cum
728 3467 852 3532 animam
866 3467 1032 3532 invisibilem
1052 3467 1159 3545 dicam,
1175 3468 1350 3548 corporalem

373 3591 389 3634 v
410 3587 474 3636 eam
495 3570 682 3648 consumunt,
706 3570 867 3647 habentem·
881 3571 958 3653 qued
971 3570 1109 3634 invisibile
1122 3571 1169 3633 sit.
1187 3569 1261 3635 Nihil
1275 3569 1351 3633 enim

372 3693 387 3736 ι
411 3673 518 3740 babens
540 3674 696 3754 invisibile,
721 3676 865 3756 quemodo
887 3681 980 3757 potest
999 3674 1144 3739 invisibilis
1157 3673 1232 3737 dicit
1246 3673 1301 3736 Sed
1314 3692 1351 3734 ne

403 3877 437 3942 (tl
452 3877 527 3939 adv,
542 3878 630 3936 blara„
646 3878 677 3939 ll,
695 3877 706 3938 5
723 3878 764 3926 lo.

404 3966 438 4030 (Ξ)
454 3968 517 4036 dds.
533 3967 617 4027 Prax.‚
633 3969 644 4029 5
660 3969 683 4018 Τ.

402 4059 437 4126 (3)
452 4058 515 4116 ldv.
530 4059 661 4122 llermog„
677 4057 689 4121 l
704 4060 745 4109 55.
