3200 5067
500 466 685 518 opusculum
702 469 961 522 PHILOSOPRlCUU·
1188 475 1223 524 tn

242 597 258 638 ‹
280 595 382 641 sensns
405 577 586 655 meritorum,
610 579 634 640 si
654 599 713 642 non
733 581 842 642 eandem
855 580 1133 660 perseuerauerint...
1152 583 1222 647 Volo

242 701 257 741 u
274 680 377 762 judicii
391 680 487 762 utique
501 681 586 744 diuini
599 683 750 763 justitiam,
765 684 944 762 grauitatem,
958 668 1148 764 majestatem,
1161 688 1223 767 dig·

241 805 256 846 u
277 785 396 848 nitatem
415 803 579 863 recensere,
600 788 623 849 si
642 807 700 850 non
714 787 882 852 sublimiore
895 788 1006 868 fastigio
1020 790 1153 869 prassidet
1165 791 1223 853 bu-

241 908 256 949 «
278 907 363 951 mana
377 905 510 962 censura,
526 889 637 970 plenior
650 891 800 973 utriusque
817 891 965 954 sententiar
978 892 1101 971 honore,
1122 913 1224 976 poena·

240 1011 255 1052 a
278 1009 344 1053 rurn
365 999 394 1054 et
412 993 580 1072 gratiarum,
601 994 727 1056 severior
747 994 776 1058 in
791 993 966 1071 ulciscendo,
986 1002 1018 1056 et
1034 995 1180 1061 liberalior
1193 998 1221 1060 in

240 1115 256 1156 c
277 1097 433 1175 largiendo.
455 1096 529 1170 Quid
542 1103 625 1178 putas
639 1098 767 1160 sutorum
782 1099 907 1160 animum
921 1098 1095 1162 homicidio?
1106 1099 1222 1182 aliquod

241 1219 257 1260 c
279 1200 365 1262 credo
378 1218 464 1281 pecus
476 1199 597 1264 lanienae
614 1207 644 1264 el
656 1202 784 1264 macella
794 1201 979 1274 destinatum,
993 1209 1027 1264 ut
1039 1204 1159 1285 perinde
1169 1208 1221 1287 ju·

241 1322 256 1363 ‹
278 1303 391 1382 guletur
403 1304 468 1385 quia
482 1305 586 1385 etipse
595 1307 779 1385 jugulaverit,
793 1306 912 1388 perinde
922 1307 953 1367 in
966 1306 1102 1387 pabulum
1116 1326 1223 1389 propo·

240 1428 255 1469 u
278 1415 362 1472 natur
374 1409 441 1489 quia
455 1417 484 1470 et
496 1408 558 1489 lpse
571 1409 669 1471 bestiis
683 1409 819 1489 objecerit
836 1427 886 1472 eos
899 1409 1009 1490 quosin
1023 1409 1107 1490 splnis
1116 1412 1223 1474 etnuiis

238 1531 253 1574 u
277 1511 467 1576 trucidaverit.
479 1514 509 1577 si
521 1514 561 1575 ita
571 1514 755 1594 judicabitur,
770 1532 867 1576 nonno
880 1513 928 1575 illa
941 1513 1036 1578 aalma
1049 1515 1114 1596 plus
1128 1516 1221 1578 solatii

235 1636 250 1677 ‹
273 1618 360 1697 quam
377 1616 509 1696 supplicii
528 1616 653 1678 relatura
667 1617 730 1681 est‘l
742 1617 821 1698 qubd
833 1616 921 1679 lanus
936 1617 1013 1680 inter
1029 1638 1138 1700 coquos
1150 1640 1220 1702 pre·

235 1740 250 1781 ‹
274 1719 444 1782 tiosissimos
467 1719 584 1798 imenit,
605 1720 683 1801 qubd
705 1720 892 1782 condimentis
907 1720 1051 1800 Apicianis
1069 1722 1217 1802 humatur,

235 1843 250 1883 u
274 1821 662 1904 qubdmcnsisiliceronianis
672 1825 804 1900 insertur,
816 1824 893 1904 qubd
901 1824 1050 1904 exsequias
1058 1827 1217 1891 convivium

236 1946 251 1987 c
272 1927 392 2007 patitur,
407 1926 484 2006 qubd
495 1929 512 1988 i
522 1927 712 2008 coequalibus
725 1927 878 1990 devoratur
886 1927 980 2009 potiris
988 1930 1075 2008 quam
1084 1931 1102 1991 d
1112 1931 1215 2010 mium,

235 2049 250 2090 ‹
273 2037 315 2107 ut,
328 2028 357 2090 in
368 2027 492 2093 hominis
503 2047 623 2112 corpore
638 2029 787 2107 tumulata,
796 2029 957 2093 etinsuurn
968 2049 1058 2111 genus
1071 2053 1215 2115 regressa,

237 2155 252 2195 a
272 2136 463 2198 resurrexisse
475 2133 617 2211 videatur,
633 2133 762 2196 exultans
775 2133 913 2194 adversis
924 2134 1049 2198 bumana
1059 2138 1219 2216 jndiciusi

237 2258 252 2299 c
274 2257 307 2302 ea
324 2248 439 2321 experta
460 2239 524 2302 est‘l
541 2237 669 2319 Namque
690 2239 738 2300 illa
759 2237 894 2302 sicarium
915 2238 1000 2300 variis
1022 2248 1052 2300 et
1075 2242 1220 2322 aquisitis

236 2363 252 2405 r
266 2345 433 2426 suppliciis,
448 2345 546 2424 etjam
557 2350 661 2424 praeter
672 2350 803 2404 naturam
813 2341 932 2404 eruditis
945 2342 1178 2427 larionissipmt,
1190 2357 1221 2435 ot

236 2466 251 2508 u
273 2448 388 2528 quidem
411 2448 564 2524 viventem,
583 2447 642 2510 inab
656 2465 709 2508 nec
723 2446 807 2508 facile
824 2446 1009 2525 morientem,
1021 2453 1119 2512 curata
1133 2456 1215 2530 mord

235 2571 250 2612 ‹
272 2553 338 2615 linis¹
356 2553 399 2616 ad.
409 2550 614 2634 plenitudinem
625 2567 727 2630 poenae.
744 2549 800 2612 Scd
813 2549 869 2612 etsi
882 2549 978 2612 anima
991 2551 1156 2632 praefugerit
1167 2556 1214 2618 ul-

232 2657 338 2720 «nmo
361 2657 465 2736 gladio,
486 2673 523 2739 ne
542 2671 648 2736 corpus
670 2672 784 2736 quoque
802 2654 924 2716 evaserit
946 2652 1068 2731 serrum,
1092 2657 1160 2719 inde
1182 2657 1213 2720 in

234 2780 249 2822 u
272 2760 368 2838 ignem
382 2761 476 2837 datur,
496 2767 529 2822 ut
546 2767 575 2822 ct
588 2758 736 2839 sepulture
756 2757 910 2838 puniatur:
926 2757 1009 2818 aliter
1022 2757 1145 2839 denique
1156 2777 1215 2824 uon

234 2883 249 2925 r
272 2863 349 2926 licet.
363 2861 421 2926 Nec
435 2869 513 2926 mum
525 2858 622 2926 urben
636 2867 679 2925 est
691 2860 753 2939 rogi
763 2857 844 2938 crura,
857 2866 889 2921 ut
896 2860 1032 2940 reliquias
1043 2861 1107 2926 aliae
1115 2862 1215 2926 bestiae

233 2987 249 3029 r
269 2969 434 3032 inveniant:
450 2968 529 3030 certb
542 2985 596 3028 nec
609 2965 720 3028 ossibus
734 2964 874 3045 parcitur,
895 2982 950 3026 nec
962 2964 1105 3026 cineribus
1118 2965 1215 3028 indul-

232 3095 248 3134 «
271 3081 365 3153 petar,
376 3073 503 3137 nuditate
512 3065 678 3152 plectendis.
690 3069 832 3133 Tantaest
840 3071 918 3151 apud
927 3071 1213 3137 bominesbomicidii

232 3197 247 3238 ‹
269 3178 387 3241 vindicte
401 3183 506 3259 quanta
519 3175 580 3256 ipsa
595 3192 662 3254 qun
676 3173 833 3238 ulndicatnr
845 3181 1002 3238 natura...
1018 3174 1089 3237 Nam
1106 3177 1208 3257 etqui,

233 3299 248 3342 u
270 3281 415 3345 laboribus
438 3287 468 3342 ct
486 3278 606 3342 servitiis
630 3277 777 3358 puniendi,
798 3277 828 3338 in
842 3278 936 3342 asinos
956 3278 1055 3360 utique
1068 3286 1099 3341 et
1116 3282 1211 3344 mulos

231 3403 246 3445 u
266 3384 539 3466 recorporabuntur,
554 3383 692 3464 ouantium
705 3381 758 3446 sibi
767 3383 804 3446 de
811 3383 938 3463 pistrinis
948 3392 978 3446 et
989 3383 1126 3466 aquilcgb
1135 3387 1209 3451 rotis

152 3511 154 3514 ·
230 3506 245 3550 u
266 3487 500 3568 gratulabuntur,
517 3486 542 3549 si
563 3485 744 3548 metallorum
766 3494 796 3550 et
815 3489 1024 3568 ergastulorum
1039 3497 1067 3552 et
1088 3505 1208 3570 operum

229 3607 244 3649 c
266 3589 458 3670 publicorum,
479 3589 665 3670 ipsorumque
684 3609 832 3656 carcerum
851 3595 918 3658 licet
934 3595 1091 3657 otiosorum
1106 3612 1208 3656 recor-

228 3711 244 3753 «
264 3695 378 3756 dentum
398 3694 520 3757 Perinde
534 3694 582 3774 qui
602 3694 711 3776 iulegnl
721 3698 824 3760 morati
841 3693 1104 3759 commendaverint
1114 3696 1207 3774 judici

227 3815 243 3857 u
265 3799 361 3877 rium,
382 3817 480 3881 quaro
501 3799 632 3879 praemia,
646 3801 697 3864 sed
711 3802 805 3882 potiris
821 3799 934 3862 inremo
946 3797 1097 3880 supplicia.
1111 3797 1205 3862 Nimi-

227 3917 243 3959 ‹
263 3901 329 3962 mm
341 3920 445 3980 magna
455 3920 565 3964 merces
577 3902 660 3964 bonis
674 3902 703 3962 in
712 3902 845 3964 anirnalia
854 3920 1041 3982 quaecumque
1052 3902 1201 3986 restitui...

227 4023 242 4064 c
262 4005 418 4069 Damnatus
440 4017 484 4068 est
505 4007 592 4085 igitur
613 4005 755 4068 Homerus
775 4007 805 4067 in
820 4024 933 4086 pavum,
947 4025 1005 4068 nou
1020 4007 1199 4068 honoratus:

228 4128 243 4170 u
264 4109 327 4190 plus
342 4113 377 4174 de
391 4111 487 4174 saeculi
501 4110 729 4175 remuneratione
743 4109 886 4190 gaudebit,
902 4116 983 4191 pater
999 4108 1114 4171 babitus
1126 4108 1200 4170 libe·
