3200 5067
659 426 699 479 nu
718 427 748 489 o.
766 426 792 478 s
811 426 840 479 r.
857 426 1082 481 rearmcraso
1191 400 1194 407 ’

744 940 885 1026 corut
912 940 975 1023 lll.

580 1174 753 1227 soluturus
775 1173 895 1226 nonunt
918 1172 1146 1225 lnromrolt.
1254 1128 1259 1138 ι

416 1634 451 1697 Ut
463 1620 519 1697 dub
531 1640 597 1696 sunt
608 1633 767 1697 officiorum
782 1635 903 1716 species,
913 1635 952 1697 no
966 1635 1023 1697 duo
1036 1634 1176 1697 librorum
1190 1652 1294 1713 genera
1307 1634 1352 1697 in·

373 1738 524 1803 veniuntur
544 1737 580 1800 ad
599 1738 794 1801 informandos
817 1738 967 1801 bominum
989 1756 1087 1801 mores
1111 1739 1348 1820 conscriptorum.

375 1843 508 1919 Quamvis
522 1843 597 1905 enim
621 1861 695 1905 unus
715 1842 848 1925 idemque
871 1842 908 1904 sit
928 1841 1060 1904 omnibus
1074 1840 1252 1923 temporibus
1272 1841 1351 1903 'recte

373 1949 483 2012 vivendi
503 1948 586 2026 linis,
600 1946 687 2009 vitam
709 1946 822 2009 beatam
843 1944 950 2029 Ileique
974 1944 1182 2027 possessionem
1202 1943 1351 2023 consequi,

374 2055 494 2136 ideoque
507 2052 635 2116 omnium
656 2058 771 2132 pectora
792 2066 907 2131 semper
926 2047 1028 2110 iisdem
1046 2046 1208 2124 virtutibus,
1223 2045 1351 2122 caritate,

375 2156 546 2233 humilitate,
565 2154 705 2229 castitate,
726 2160 828 2215 ornata
848 2172 912 2217 esse
929 2153 1038 2230 deceat,
1060 2152 1192 2233 quadam
1211 2159 1308 2213 tamen
1323 2150 1353 2210 in

376 2260 488 2337 officiis,
502 2278 555 2342 pro
570 2260 708 2339 cujusque
722 2260 855 2343 persont,
870 2277 923 2340 pro
937 2258 1006 2320 locis
1020 2264 1049 2321 et
1058 2256 1246 2338 temporibus,
1260 2256 1354 2318 varie-

375 2374 419 2430 tas
439 2372 572 2429 cernatur
584 2382 698 2427 necesse
718 2370 776 2426 est:
793 2364 897 2446 quippe
920 2382 977 2426 non
1002 2364 1108 2427 eaedem
1123 2381 1192 2444 pace
1208 2362 1352 2444 belloque,

376 2469 507 2532 monadis
529 2468 710 2548 adversisque
730 2465 835 2544 rebus,
860 2466 970 2529 virtutis
992 2467 1157 2529 exercendae
1178 2464 1351 2528 occasiones

376 2571 513 2634 Homines
524 2570 560 2632 ab
573 2569 700 2647 avaritia,
715 2568 842 2646 libidine,
852 2569 985 2651 superbit
994 2570 1207 2647 dehortatores
1222 2568 1369 2640 omnibus,

376 2675 421 2738 vel
435 2674 555 2757 posteris
571 2673 665 2753 dices3
682 2672 880 2736 communibus
893 2674 969 2736 enirn
983 2674 1068 2736 totius
1081 2674 1230 2735 hominum
1244 2672 1355 2751 generis

376 2778 485 2841 morbis
502 2777 659 2840 cauterium
674 2794 759 2858 pares
773 2776 899 2839 inurere.
915 2776 953 2839 llt
972 2794 1030 2838 non
1050 2776 1143 2839 omnis
1163 2783 1231 2838 aetas
1245 2773 1355 2837 deside-
1385 2843 1399 2869 0

375 2888 420 2945 rat
433 2882 481 2963 qui
496 2882 629 2965 martyria
648 2883 758 2948 fortiter
778 2884 921 2962 obeunda,
943 2884 1199 2966 abstinendumque
1215 2884 1251 2946 ab
1264 2883 1355 2946 idolo-

376 3004 442 3048 rum
457 2986 547 3064 cultu,
562 2987 727 3068 praedicent.
743 2988 813 3052 lude
832 2996 876 3051 cst
897 2997 930 3051 ut
950 3006 1051 3051 omnes
1067 2988 1103 3050 de
1124 2987 1251 3051 moribus
1268 2986 1355 3049 libros

377 3108 434 3152 non
448 3090 546 3152 eadem
562 3090 675 3153 fortuna
689 3098 814 3169 maneat,
834 3092 947 3173 citoque
961 3091 1002 3153 illi
1017 3098 1220 3154 consenescant
1233 3091 1282 3172 qui
1299 3091 1356 3152 uti-

377 3195 485 3256 litatem
498 3193 604 3256 habent
617 3196 690 3257 intra
705 3204 799 3258 certos
813 3215 903 3259 annos
924 3205 1074 3278 certasque
1089 3198 1219 3277 regiones
1232 3198 1354 3259 circum-

380 3298 535 3379 scriptam,
552 3298 600 3378 qui
619 3300 686 3361 vert
709 3318 767 3362 non
790 3300 909 3379 Grecis,
924 3310 974 3364 aut
986 3301 1126 3380 barbaris,
1144 3320 1201 3364 non
1214 3300 1356 3364 veteribus

378 3406 429 3462 aut
448 3399 664 3479 recentioribus,
685 3402 733 3463 sed
754 3402 1259 3485 hominibus,iopuoot1tmhomines
1276 3412 1354 3483 sunt,

376 3511 586 3588 proponuntur,
599 3508 839 3589 perennijurenta
853 3510 1001 3573 virescant.

416 3612 496 3676 Hanc
512 3612 671 3677 officiorum
684 3621 795 3696 partem
810 3624 904 3697 neque
915 3616 1018 3679 Noster
1032 3617 1148 3679 omnino
1163 3616 1296 3696 neglexit,
1307 3633 1357 3677 nc·

378 3733 433 3795 que
447 3718 475 3777 in
491 3717 547 3779 hoc
559 3735 662 3795 genere
675 3716 835 3780 auctoritati
850 3718 990 3800 lanraeque
1002 3737 1061 3781 suae
1072 3737 1130 3781 non
1143 3720 1224 3796 satis,
1238 3727 1271 3780 ut
1283 3717 1355 3778 inira

376 3820 572 3902 perspicietur,
585 3822 740 3903 respondit.
754 3823 860 3886 Verrim
875 3824 964 3886 multo
976 3824 1136 3902 diligentius
1147 3824 1237 3905 (quod
1249 3831 1277 3886 ct
1286 3831 1356 3886 tem-

376 3945 479 4008 porum
495 3926 568 3990 ratio
581 3927 725 4009 poscebat,
746 3936 775 3990 et
795 3928 920 3992 bominis
942 3929 1057 4009 ingenio
1077 3929 1264 4010 congruebat)
1284 3929 1313 3990 in
1328 3928 1356 3990 id

377 4034 531 4098 elaboravit
554 4043 585 4097 ut
618 4035 741 4116 pericula
767 4035 803 4098 ab
827 4035 953 4098 Ethoicis
979 4035 1203 4099 Christianorum
1229 4034 1359 4097 moribus
