3200 5067
503 464 688 518 cinsentuna
704 464 965 518 nnttosontttctttt.
1194 466 1226 515 ot

252 598 267 639 c
291 585 339 657 tua
355 574 461 658 ubique
481 577 592 639 haeret‘l
613 577 689 639 itdne
709 594 822 657 semper
842 583 892 637 aut
910 577 927 636 a
947 578 1025 637 recta
1044 577 1087 638 uid
1103 576 1228 656 aberrat,

252 700 268 743 a
291 687 341 743 aut
361 679 469 742 delessa
492 678 572 740 humi
593 678 783 759 prosternitur
798 680 858 759 (l).
881 699 896 739 a
916 678 1054 759 lienique,
1076 680 1116 742 vis
1129 682 1246 743 durius>

249 783 355 865 aliquid
369 782 485 859 hahere,
502 782 683 863 paucioribus
705 780 798 857 verhis
821 780 985 843 inclusum?
1006 781 1146 843 Bomuetii
1162 801 1228 844 eum

249 885 343 949 locum
357 886 433 965 lege,
448 886 545 968 inquo
558 885 766 968 philosophiam
780 886 926 965 capitalem
938 886 1061 947 ueritatis
1073 886 1226 957 iniaaicom,

250 996 278 1051 et
291 991 414 1051 omnium
426 1008 553 1051 errorum
564 996 714 1069 patronem
729 987 961 1069 (i)nuncupat.l
974 1006 1062 1065 nunc,
1073 996 1103 1050 et
1117 988 1148 1049 in
1159 988 1230 1069 Sep-

249 1091 360 1155 timium
381 1094 526 1170 invehere,
541 1110 649 1155 mum
671 1090 789 1153 rationis
804 1097 1042 1172 contemptorem,
1064 1090 1150 1152 modo
1171 1091 1231 1155 haec

250 1196 322 1275 scias
337 1196 367 1257 in
381 1214 447 1259 euna
467 1196 644 1273 redundare,
656 1212 718 1277 ,quo
737 1212 794 1257 non
815 1193 888 1255 alius
902 1194 1041 1274 majorem
1053 1191 1156 1255 rationi
1167 1194 1232 1273 glo-

186 1293 193 1305 '
249 1296 321 1359 riam
336 1298 532 1360 circumfuditt

289 1399 344 1463 Sed
356 1400 424 1481 quid
442 1400 533 1461 aliena
557 1399 716 1462 testimonia
737 1394 925 1459 invocamus?
950 1396 1005 1459 Sua
1024 1395 1231 1461 Tertullianum

249 1501 361 1565 abunde
377 1520 463 1583 opera
478 1501 647 1579 defendunt,
663 1501 691 1561 in
709 1501 814 1580 quibus
828 1500 948 1564 rationis
961 1498 1009 1561 ille
1022 1499 1100 1562 larus
1114 1502 1232 1563 concul-

249 1612 328 1667 cator
343 1605 442 1685 quanti
454 1605 607 1681 rationem,
626 1605 651 1665 si
671 1622 730 1665 non
748 1603 971 1686 philosophiam,
987 1602 1080 1681 saciat,
1096 1604 1228 1667 ostendit.

249 1706 313 1769 Non
323 1706 463 1785 ambiguae
471 1724 554 1770 uoces
569 1713 695 1769 nostram
710 1705 740 1765 in
753 1706 1014 1786 interpretationem
1030 1706 1232 1788 detorquente
1308 1785 1311 1790 Α

249 1815 350 1870 erunt:
366 1826 419 1869 nec
433 1808 507 1870 ullus
522 1808 574 1869 erit
588 1808 800 1888 interpretando
820 1808 912 1885 locus,
927 1808 992 1869 caim
1013 1807 1074 1888 ipse
1086 1809 1154 1889 quid
1165 1827 1231 1871 sen·

251 1911 302 1973 tiat
314 1911 493 1993 apertissime
507 1912 686 1993 profiteatur,
701 1930 760 1973 non
776 1912 856 1993 quasi
866 1912 994 1989 fortuito,
1009 1918 1059 1973 aut
1070 1912 1097 1972 vi
1107 1912 1232 1975 ueritatis

250 2014 351 2093 victus,
365 2016 418 2077 sed
432 2032 515 2077 suam
530 2015 699 2077 sententiam
713 2015 742 2077 in
759 2016 839 2078 libris
853 2016 984 2077 evolvens
997 2015 1076 2078 adid
1089 2019 1232 2098 composi-

251 2119 298 2195 tis,
311 2110 495 2182 ut'maximas
508 2120 571 2199 ejus
585 2138 671 2200 quam
685 2138 738 2180 nos
757 2119 915 2179 naturalem
937 2118 1098 2197 relipiouem
1112 2138 1232 2182 ,nuncu-

249 2239 351 2303 pamus
370 2223 512 2299 veritates,
532 2222 635 2283 coine
655 2222 808 2283 testimonio
826 2220 879 2282 niti
898 2227 1044 2303 appareat.
1059 2220 1123 2282 Jam
1138 2222 1231 2302 ipsum

249 2325 348 2389 audire
363 2332 494 2407 praestat:
513 2343 528 2387 c
547 2324 661 2402 Anima,
676 2324 742 2387 licet
762 2323 892 2411 corporis
915 2342 1151 2405 carcercpressa,
1166 2324 1233 2387 licet

251 2447 267 2488 a
290 2428 367 2491 lalsis
380 2429 441 2495 deis
451 2428 629 2505 exancillata,
645 2427 711 2487 edm
726 2435 821 2489 tamen
837 2428 987 2509 resipiscit,
1003 2436 1035 2489 nt
1053 2447 1087 2491 ex
1103 2431 1230 2510 crapula,

252 2551 267 2591 c
290 2539 323 2593 ut
336 2551 370 2595 ex
383 2550 496 2608 somno,
512 2538 586 2592 uter
599 2530 691 2611 aliqua
706 2528 877 2607 valetudine,
886 2537 915 2591 et
923 2531 1072 2593 sanitatem
1087 2549 1231 2614 suampo-

252 2655 268 2697 c
291 2635 372 2713 titur,
388 2634 481 2697 Deum
494 2633 712 2697 nominat....0
734 2633 927 2697 testimonium
950 2635 1053 2698 animae
1065 2636 1232 2707 naturaliter

255 2757 271 2798 c
292 2738 450 2800 christianae
469 2737 573 2817 (3)t...
593 2736 699 2798 Natura
718 2737 856 2819 pleraque
872 2745 1075 2817 suggeruntur,
1096 2739 1177 2819 quasi
1196 2741 1233 2802 de

253 2860 269 2906 c
291 2840 403 2921 publico
416 2858 586 2931 seusu,·quo
600 2839 674 2902 lleus
689 2840 814 2902 animam
830 2841 929 2903 dotare
943 2824 1128 2919 dignatusest
1142 2843 1155 2921 (
1176 2843 1230 2923 )...

253 2942 357 3007 «llaec
384 2942 542 3005 testimonia
565 2943 678 3019 animae,
702 2944 808 3023 quantit
834 2944 1014 3020 communia,
1047 2946 1124 3006 tanth
1144 2952 1232 3007 natu-

253 3066 268 3107 c
289 3046 371 3124 ralia,
395 3048 501 3129 quanto
524 3048 675 3123 naturalia,
698 3048 776 3107 tantd
805 3046 935 3110 dimna...
959 3046 1092 3125 Magistra
1115 3038 1230 3125 natura,

253 3149 385 3221 «anima
419 3146 566 3231 discipula.
597 3148 739 3230 Quidquid
769 3156 820 3211 aut
851 3149 899 3211 illa
929 3149 1061 3226 edocuit,
1095 3159 1143 3212 aut
1179 3150 1232 3211 ista

253 3270 269 3311 a
291 3250 450 3331 perdidicit,
475 3252 491 3313 ai
516 3248 730 3314 Deo-traditum
759 3261 815 3332 est,
841 3253 978 3332 magistro
1006 3253 1114 3317 scilicet
1141 3254 1231 3337 ipsius

253 3374 268 3415 a
291 3354 470 3433 magistrae...
488 3342 601 3433 Anima,
618 3356 702 3418 etiam
720 3356 912 3418 circumventa
928 3355 964 3416 ah
983 3354 1156 3433 adversario,
1171 3374 1232 3418 me·

253 3475 269 3519 c
290 3456 373 3519 minit
386 3455 430 3518 sui
447 3458 581 3536 auctoris,
605 3465 634 3521 ct
656 3458 800 3538 honitatis,
816 3468 845 3522 et
866 3459 974 3523 decreti
998 3462 1072 3541 ejus,
1091 3468 1120 3522 et
1140 3462 1231 3523 exitiis

252 3579 268 3621 c
290 3560 346 3638 sui,
356 3566 385 3635 et
398 3559 549 3622 adversarii
564 3561 662 3644 ipsius.
675 3562 729 3625 Sed
743 3564 791 3644 qui
805 3562 946 3643 ejusmodi
959 3562 1121 3642 eruptiones
1130 3563 1232 3630 animae

253 3680 268 3723 c
289 3680 346 3725 non
360 3662 467 3745 putavit
480 3662 638 3729 doctrinam
655 3685 717 3729 esse
732 3675 843 3755 naturae
865 3664 1044 3743 congenitam
1058 3670 1087 3725 et
1100 3663 1232 3743 ingenitae

283 3839 315 3901 tl)
329 3839 415 3902 Bosa,
430 3839 512 3891 Serm.
527 3840 560 3893 de
573 3842 703 3895 divinitate
716 3841 865 3906 Religionis.

282 3928 316 3992 (a)
330 3931 370 3981 ld.

283 4018 316 4082 (5)
331 4018 416 4082 Apol.¹
432 4020 445 4082 5
461 4019 502 4069 19.

284 4108 318 4172 (t)
332 4109 368 4160 lte
382 4109 480 4172 Anima,
496 4110 508 4172 5
523 4110 549 4159 a.
