3200 5067
544 488 726 539 OPUSCULUM
743 487 1000 539 PHlLOSOPlllCUll.
1227 493 1261 543 39

254 682 255 688 ¹
283 602 453 678 suffragatur
475 602 523 681 qui
546 601 681 681 dnuptiis
698 600 814 662 omnino
828 601 1039 663 abhorrendum
1061 603 1177 682 ducunt,
1194 607 1260 667 ovim

283 705 366 765 unius
381 705 468 765 maris
481 705 622 786 uniusque
643 704 755 767 leminea
771 706 944 785 conjunctio,
968 708 984 768 d
1000 706 1058 769 Deo
1078 709 1108 769 in
1121 710 1259 791 principio

264 825 380 870 -rerum
391 808 531 886 instituta,
545 808 623 885 dein,
637 802 754 889 propter
766 809 900 870 duritiam
915 817 1088 890 temporum,
1104 812 1133 872 in
1147 813 1261 893 polyga-
1282 870 1285 875 ,

281 911 368 973 miam
390 920 534 994 corrupta,
559 914 594 976 ad
619 913 743 993 pristinae
765 913 932 991 integritatis
957 916 1079 977 sormam
1099 917 1219 980 'tandem
1243 922 1260 981 d

280 1012 389 1075 Christo
403 1022 533 1077 revocata
544 1015 647 1078 siniti
663 1024 756 1079 tamen
766 1018 881 1098 nuptias
889 1020 992 1099 probat
1005 1028 1037 1083 ut
1046 1040 1095 1083 eas
1105 1023 1260 1102 permissas

280 1116 373 1196 potids
392 1124 509 1197 propter
529 1118 644 1197 majoris
668 1119 735 1180 mali
756 1120 967 1198 devitationem,
991 1125 1076 1203 quim
1098 1134 1216 1207 propter
1229 1146 1260 1189 se

279 1219 405 1281 laudatas
424 1221 542 1299 judicet,
563 1222 725 1301 optimeque
746 1223 870 1284 ostendit
890 1226 1028 1303 quautvim
1048 1226 1180 1305 virgines,
1197 1230 1259 1310 jam

279 1323 411 1401 angelicae
425 1324 537 1395 familiae
552 1326 579 1385 in
593 1326 675 1386 terris
688 1326 847 1408 adscriptae,
864 1327 958 1407 nuptis
970 1337 1114 1407 prestant,
1130 1349 1201 1411 quas
1214 1334 1258 1395 vel

279 1427 503 1508 concupiscentia
522 1430 625 1506 carnis,
649 1430 691 1490 vel
706 1430 932 1510 concupiscentia
946 1433 1042 1493 saculi
1066 1433 1096 1493 in
1109 1436 1260 1499 matrimo-

278 1528 356 1591 nium
378 1532 524 1611 compulit,
548 1534 691 1612 quamque
712 1533 869 1614 expeditius
883 1534 940 1595 illis
953 1536 990 1595 ad
1006 1536 1110 1597 coelum
1125 1537 1260 1601 festinare

276 1632 369 1709 liceat,
384 1652 448 1713 quae
461 1635 539 1695 nulla
554 1654 651 1700 rerum
667 1638 1056 1703 humanarumsollicitudine
1066 1642 1256 1705 detineantur.
1275 1682 1288 1727 ·.

277 1737 401 1799 Indead
423 1726 585 1802 viduitatem
607 1740 776 1803 laudandam
796 1742 898 1822 pergit,
922 1743 1072 1821 virginitati
1086 1744 1256 1825 proximam,

277 1862 452 1925 uxoremque
475 1844 606 1907 hortatur
630 1850 672 1921 ut,
696 1844 719 1905 si
742 1844 821 1926 prior
839 1844 900 1925 ipse
919 1845 1021 1907 saeculo
1042 1847 1205 1924 excesserit,
1226 1866 1259 1910 se

276 1949 364 2011 nullis
377 1949 481 2011 iterum
496 1948 589 2009 carnis
601 1948 737 2029 impediat
747 1950 875 2010 vinculis.
889 1948 982 2011 Semel
996 1948 1179 2009 succubuisse
1190 1950 1258 2011 satis

277 2059 331 2129 est,
356 2060 385 2114 et
405 2072 462 2115 uno
486 2052 666 2113 matrimonio
681 2072 797 2115 omnem
816 2051 980 2131 hujusmodi
1001 2052 1258 2132 concupiscentiam

275 2155 413 2235 expiasse.
438 2154 578 2245 tlaeterivm
593 2154 733 2216 viduitatis
755 2156 957 2233 integritatem,
980 2155 1108 2235 quamvis
1125 2157 1254 2234 arduam,

273 2260 343 2341 ipsae
355 2261 503 2340 gentilium
514 2268 659 2337 matronae,
675 2260 736 2321 aliae
750 2260 877 2321 defuncti
891 2260 1020 2339 conjugis
1030 2260 1182 2338 desiderio,
1193 2262 1257 2325 aliea

274 2364 466 2445 superstitiosa
481 2364 603 2444 quddam
612 2362 760 2451 religione,
776 2364 878 2444 saepius
892 2370 1087 2443 servaverunt3
1104 2365 1172 2446 quid
1186 2369 1256 2444 ergo

274 2468 414 2547 indignius
427 2469 511 2550 quarn
526 2466 628 2529 Christi
642 2486 752 2529 servam
763 2467 818 2529 hoc
832 2487 884 2549 pro
896 2468 1006 2530 Christo
1017 2468 1093 2529 nolle
1107 2470 1251 2550 amplecti,

274 2574 349 2659 qnod
362 2572 470 2651 multae,
486 2570 562 2633 inani
577 2570 728 2649 desiderio,
744 2579 793 2633 aut
807 2571 1013 2634 daemoniorum
1032 2572 1152 2654 imperio
1166 2572 1253 2636 ohse-

273 2683 402 2753 quentos,
418 2676 634 2739 sustinuerunt?
649 2673 713 2740 Jdm
727 2677 866 2756 quantum
880 2674 1012 2738 Ecclesiae
1024 2676 1155 2738 secundae
1175 2695 1251 2757 nup-

272 2776 318 2839 tiae
339 2778 501 2857 displiceant
515 2780 577 2860 ipsa
595 2778 769 2860 praescriptio
784 2778 913 2858 Apostoli
932 2778 1068 2854 declarat,
1083 2780 1149 2839 ovim
1169 2778 1250 2856 diga-

272 2899 334 2951 mos
348 2900 406 2943 non
420 2882 486 2943 sinit
508 2883 672 2964 praesidere,
688 2884 752 2944 edm
768 2881 882 2944 viduam
899 2882 981 2960 allegi
995 2882 1025 2941 in
1038 2881 1178 2958 ordinem,
1194 2883 1249 2943 uisi

234 3045 235 3049 ,
273 2984 422 3062 univiram,
437 2993 520 3047 vetat.
535 2986 616 3059 Quod
629 2987 652 3049 si
662 2987 809 3049 viduarum
824 2986 1022 3067 virginumque
1033 2993 1122 3048 status
1133 2986 1247 3047 intense

242 3138 245 3143 .
272 3096 484 3168 comparentur,
503 3087 629 3151 diversos
650 3090 743 3171 potiris
765 3078 851 3171 qudm
872 3089 997 3169 impares
1017 3088 1154 3165 invenias,
1178 3089 1245 3150 ovim

270 3190 317 3252 hic
330 3191 438 3257 felicior
451 3192 498 3269 sit,
514 3192 561 3253 ille
575 3194 735 3273 operosior;
751 3192 778 3253 in
794 3193 884 3262 altero
902 3192 1003 3271 gratia,
1027 3210 1091 3273 quae
1102 3191 1245 3272 integrum

270 3294 306 3357 ab
327 3296 405 3356 omni
428 3301 539 3359 terrent
560 3295 624 3361 labe
645 3316 748 3378 corpus
769 3315 835 3358 cum
849 3297 943 3357 animal
957 3296 1087 3375 servavit,
1108 3296 1139 3357 in
1153 3296 1243 3359 allero

269 3400 367 3479 virtus,
384 3418 415 3463 se
428 3402 444 3463 a
455 3403 597 3484 voluptate
612 3401 688 3478 haud
701 3402 796 3481 ignota
810 3400 965 3479 vindicans,
979 3399 1119 3462 laudetur.

296 3507 404 3570 ..Altero
417 3506 504 3585 libro,
523 3506 686 3589 Septimius,
702 3512 799 3587 utpote
820 3504 870 3580 qui
883 3504 1016 3585 repen'tas
1033 3504 1146 3586 nuptias
1166 3523 1241 3567 non-

267 3612 334 3673 dum
349 3619 380 3673 ut
392 3612 507 3677 omnino
516 3609 795 3693 vetitasprohiheret,
808 3610 941 3673 humanae
949 3621 1060 3669 memor
1071 3606 1239 3686 fragilitatis,

265 3718 305 3779 ad.
312 3717 435 3780 secunda
449 3736 480 3778 se
492 3716 608 3778 consilia
621 3714 768 3792 convertit,
777 3730 963 3791 uxoremque,
977 3715 1075 3772 monet
1084 3715 1116 3769 ut
1125 3711 1238 3790 saltem,

264 3823 292 3885 id
312 3824 387 3905 quod
405 3830 509 3905 potest,
531 3830 560 3885 et
578 3822 673 3899 dehet,
688 3828 716 3885 et
731 3818 881 3901 Apostolus
895 3811 1062 3893 praescrihit,
1076 3810 1106 3872 io
1119 3812 1238 3877 Domino

264 3928 362 3991 nubat.
384 3927 537 4008 Apostolus
551 3926 639 4004 enim,
655 3926 954 4007 postquamuxorem,
970 3918 1101 3979 desffllcw
1114 3918 1187 3995 Vim,
1202 3919 1239 3980 li·

263 4030 361 4095 beram
384 4033 589 4113 pronunciavit,
611 4033 772 4112 iterumque
791 4025 915 4089 nubendi
934 4023 1000 4086 iecit
1012 4026 1193 4104 potestatem,
1208 4022 1237 4083 in

251 4136 383 4219 llomiuo
393 4138 558 4203 nubendum
573 4137 668 4203 stricte
679 4134 792 4198 delinit:
806 4150 861 4215 quo
875 4130 943 4211 quid
958 4126 1034 4192 aliud
1047 4124 1136 4206 quam
1146 4124 1243 4187 chax-2

817 4258 850 4307 Ο
