3200 5067
337 443 371 496 es
625 420 666 491 ba
683 441 712 502 o.
732 440 757 489 s.
777 439 805 488 r.
822 437 1041 489 unumunurn

339 557 438 620 bulosa
454 554 582 635 quaedam
607 560 745 630 monstra,
766 570 980 633 puerorumque
1000 551 1141 615 terriculas
1154 560 1318 615 comentur.

340 659 421 734 Quubd
437 659 461 722 si
477 659 539 740 quis
554 658 589 721 de
603 658 649 720 illa
664 658 816 739 spirituum
830 656 913 719 turbt
926 656 1067 719 referatur
1077 657 1201 721 hominis
1216 676 1321 740 corpus

339 765 496 844 ingressus,
512 769 541 825 et
555 762 620 825 inde
634 762 719 824 divim
737 761 878 829 emmonis
892 761 995 823 virtute
1010 762 1121 843 pulsus,
1142 770 1320 826 narratorem

336 868 478 951 jubebunt
486 866 636 947 taliaapud
645 865 781 929 barbaras
789 865 1159 947 superstitiosasquegentes
1166 872 1320 947 μυθολογεῖν.

377 972 436 1035 Nos
457 974 524 1035 verb
538 970 721 1050 Euangelium
743 971 913 1033 erubescere
932 970 1085 1049 nescimus,
1100 988 1206 1052 nequa,
1223 979 1272 1033 aut
1285 971 1322 1033 il-

337 1078 396 1139 lam
412 1082 580 1159 potestatem
603 1075 632 1136 in
646 1074 771 1153 Titanm,
787 1073 978 1138 Centaurosve
990 1074 1118 1154 relegare
1130 1094 1216 1157 quam
1231 1075 1322 1137 bomi-

337 1181 427 1242 cidom
448 1180 530 1259 subse
555 1178 587 1239 ob
607 1177 698 1247 initio,
726 1184 754 1240 et
776 1178 902 1241 humano
920 1179 1018 1258 generi
1040 1178 1177 1241 maximas
1193 1177 1322 1241 intulisse

339 1282 512 1345 calamitates
537 1300 552 1343 a
581 1282 761 1345 veracissimo
786 1282 922 1361 magistro
944 1282 1099 1361 docemur,
1126 1300 1219 1363 neque
1245 1282 1322 1344 illam

337 1387 407 1455 tanti
430 1386 519 1448 hostis
542 1385 702 1448 debellandi
725 1386 858 1449 virtutem
880 1387 958 1469 parvi
981 1387 1127 1469 pendere,
1151 1404 1238 1467 qnam
1262 1386 1324 1468 ipse

338 1490 421 1553 toties
435 1487 562 1552 Christus
576 1490 713 1567 exercuit,
738 1508 881 1572 quamque
900 1492 928 1552 in
943 1488 1067 1554 Ecclesia
1081 1498 1248 1572 perpetuam
1262 1489 1324 1551 fore

338 1594 480 1675 pollicitus
494 1599 547 1653 est.
558 1591 724 1665 -Quaeres
736 1594 839 1675 quibus
852 1594 888 1656 de
902 1595 994 1656 causis
1007 1594 1117 1657 nullum
1132 1592 1237 1657 nostris
1251 1600 1323 1655 tern-

339 1698 457 1780 poribus
472 1697 572 1759 edatur
585 1696 670 1776 liujus
684 1696 813 1758 miraculi
827 1698 999 1779 exemplum.
1011 1697 1111 1761 Plures
1122 1698 1249 1761 fortassis
1261 1715 1323 1759 rem

339 1804 488 1882 diligenter
509 1802 700 1865 scrutantibus
723 1802 852 1883 proferre
876 1803 985 1881 liceret,
1004 1822 1126 1884 quacum
1139 1802 1323 1866 baecridetur

340 1910 402 1969 esse
413 1907 575 1988 praecipua:
592 1905 693 1982 Deum,
710 1926 766 1988 quo
777 1906 919 1969 abnuente
933 1907 972 1969 nil
987 1908 1164 1971 demonibus
1174 1909 1218 1971 vel
1228 1908 1323 1970 conari

341 2013 383 2073 fas
392 2020 446 2088 est,
458 2012 577 2073 infernae
586 2010 717 2092 potestati
728 2009 813 2090 paulb
822 2010 1065 2091 laxiores,priruis
1073 2010 1207 2075 Ecclesiae
1216 2018 1325 2093 tempo

339 2116 430 2191 ribus,
447 2114 563 2175 solvisse
574 2113 712 2189 habenas,
722 2112 880 2194 fecisseque
889 2114 1002 2196 plenam
1014 2134 1067 2196 pro
1081 2115 1139 2177 aris
1153 2123 1182 2178 ct
1195 2115 1264 2178 focis
1277 2117 1326 2179 de·

342 2217 469 2279 certandi
496 2215 676 2292 facultatem,
699 2218 756 2297 qub
786 2218 879 2297 major
900 2216 1093 2299 illustriorque
1116 2219 1217 2281 Christi
1243 2219 1326 2281 fieret

343 2320 518 2399 triumphus,
535 2318 600 2381 cdm
615 2318 668 2398 ipsi
692 2319 843 2381 mendaces
857 2320 972 2400 spiritus
985 2321 1132 2383 veritatem
1153 2328 1253 2402 suopte
1267 2328 1326 2382 tes-

344 2422 462 2484 timonio
478 2422 649 2485 confirmare
662 2430 842 2500 cogerentur.
859 2422 932 2495 Quid
946 2427 1025 2501 verb,
1047 2425 1071 2487 si
1089 2443 1148 2487 me
1158 2426 1243 2506 plane
1256 2444 1326 2487 cau·

345 2545 405 2588 sam
436 2528 547 2589 nescire
576 2528 787 2607 respondeant
821 2527 926 2591 ldebne
957 2532 1112 2592 certissima
1144 2532 1324 2613 antiquorum

252 2664 255 2669 -
346 2639 507 2710 temporum
530 2629 699 2692 documenta
714 2630 743 2692 in
763 2630 881 2693 dubium
896 2632 1084 2712 vocabuntur,
1098 2636 1164 2717 quia
1180 2636 1219 2699 nil
1233 2636 1326 2697 simile
1380 2703 1384 2707 ,

345 2733 420 2815 apud
442 2752 494 2796 nos
514 2734 643 2813 geritur?
668 2742 717 2795 aut
730 2735 824 2813 legem
844 2734 903 2797 Deo
925 2738 1142 2817 praescribemns
1158 2741 1325 2821 qua'mundi

345 2838 457 2901 ordinet
471 2838 610 2901 aventus?
625 2837 709 2915 Quid,
725 2838 748 2899 si
762 2839 808 2907 hae
819 2838 1027 2902 demoniorum
1040 2842 1242 2921 ingressiones,
1252 2845 1327 2925 ejec-

344 2943 504 3025 tionesque,
521 2949 549 3004 te
564 2942 669 3020 nescio,
681 2942 785 3024 saepids
798 2942 827 3004 in
836 2942 963 3008 Ecclesia
975 2944 1128 3025 iterentur,
1140 2948 1206 3009 edm
1216 2946 1327 3009 duobus

346 3048 437 3110 modis
450 3046 580 3109 homiues
594 3050 610 3109 a
622 3048 763 3109 daemonio
773 3047 966 3126 obsideantur,
977 3068 1054 3111 nunc
1064 3058 1182 3112 vexante
1193 3068 1324 3131 corpora,

346 3168 423 3212 nuuc
435 3152 544 3211 animas
554 3154 747 3229 oppugnante,
759 3149 898 3230 totiesque
911 3151 1045 3231 apostolis
1058 3152 1195 3231 promissa
1202 3159 1326 3233 potestas
1406 3216 1408 3218 ,

347 3260 522 3328 exerceatur,
540 3252 649 3331 quoties
668 3251 772 3327 anima,
797 3250 908 3314 diabolo
927 3273 980 3334 per
993 3261 1140 3331 peccatum
1156 3255 1324 3338 mancipata,

349 3357 385 3417 ad
398 3363 522 3417 veterem
538 3354 686 3417 dominum
707 3362 858 3436 veteraque
882 3366 974 3420 castra
997 3378 1049 3440 per
1066 3340 1260 3441 poeniteutiam
1277 3378 1327 3421 re-

348 3458 489 3521 vertitur?

387 3564 480 3628 Unum
507 3565 632 3629 restabat
655 3564 813 3628 Christiano
834 3565 944 3628 numiui
966 3566 1103 3652 infensis,
1130 3567 1307 3649 disciplinam
1317 3609 1333 3644 ,-

348 3688 433 3749 quam
448 3677 586 3748 sanctam,
603 3670 795 3747 innocentem,
812 3668 976 3750 reipublice
994 3670 1102 3748 utilem,
1119 3672 1214 3734 omnia
1228 3679 1327 3734 osten·

349 3772 464 3851 debant,
478 3773 598 3853 elevare,
618 3783 646 3835 τὸ
664 3783 727 3835 θεῖον
749 3772 785 3835 ab
799 3773 847 3834 illa
859 3773 1030 3851 auferentes,
1046 3781 1131 3856 atque
1144 3775 1182 3837 ita
1195 3774 1327 3838 laudabi-

348 3878 405 3941 lem
421 3877 540 3942 fatentes
559 3886 590 3940 ut
607 3878 647 3940 nil
667 3896 769 3940 novum
786 3884 882 3939 tamen
904 3878 1004 3941 afferre
1024 3878 1161 3955 dicerent,
1178 3896 1231 3941 nec
1252 3879 1327 3941 aliud

348 4002 410 4045 esse
432 3984 517 4064 quam
540 3974 680 4063 quoddam
704 3980 922 4063 philosophandi
941 4000 1041 4070 genus.
1061 3981 1182 4061 Nostro,
1204 3983 1234 4044 ni
1256 4003 1327 4065 opus

343 4079 411 4165 jam
425 4086 585 4151 absolutoria
600 4084 635 4148 ad
650 4086 737 4148 fuam
757 4086 911 4167 perducere
926 4096 1102 4169 properaret,
1119 4089 1225 4170 optima
1240 4090 1328 4153 daba-
