3200 5067
350 474 383 525 aa
647 468 687 521 on
705 471 735 532 o.
754 470 781 520 s.
801 468 829 519 r.
848 468 1071 521 raarcmmno

349 588 443 651 hibet:
470 604 486 645 r
503 584 660 665 Negotiatio
677 602 759 646 servo
782 581 832 644 [lei
849 590 915 665 apta
926 582 1152 660 esthaeterdm,
1162 584 1187 645 si
1196 584 1335 665 cupiditas

351 712 366 752 r
390 688 535 765 abscedat,
552 706 616 768 quae
629 693 673 751 est
694 704 779 748 causa
799 686 976 767 acquirendi,
992 694 1121 750 cessante
1134 690 1219 749 causa
1235 690 1335 770 aequi-

349 815 366 856 «
388 790 482 871 rendi,
496 810 554 854 non
566 791 621 853 erit
632 790 788 853 necessitas
801 791 1016 872 negotiandi...
1034 792 1094 872 (l).
1110 790 1335 871 hudimagistros

350 919 366 960 r
388 906 417 962 et
431 906 550 961 caeteros
569 897 727 958 litterarum
742 894 920 977 professores
932 914 991 957 non
1011 896 1197 959 dubitandum
1211 904 1256 960 est
1270 898 1334 961 alli-

348 1022 365 1064 ‹
387 1021 440 1065 nes
456 1020 520 1064 esse
533 999 709 1062 multimodae
723 998 932 1061 idololatriae...
954 999 1014 1078 (t).
1031 998 1059 1062 Si
1076 999 1180 1080 quaeris
1193 1017 1229 1061 an
1243 1000 1333 1066 fidelis

349 1124 364 1167 t
388 1105 424 1168 ad
438 1105 567 1167 militiam
581 1102 708 1165 converti
722 1102 825 1184 possit,
841 1111 870 1165 et
886 1122 925 1165 an
937 1102 1037 1166 militia
1059 1104 1096 1165 ad
1109 1104 1194 1165 tidem
1208 1104 1332 1181 admitti,

348 1230 364 1271 r
389 1209 474 1273 etiam
492 1208 623 1286 caligata,
646 1206 689 1268 vel
710 1205 830 1268 inferior
849 1224 976 1289 quoque,
987 1207 1032 1269 eui
1050 1225 1108 1269 non
1127 1207 1165 1269 sit
1179 1207 1331 1271 necessitas

350 1334 365 1375 r
388 1314 669 1388 immolationum...
686 1329 743 1373 non
768 1312 898 1375 convenit
919 1321 1099 1375 sacramento
1119 1312 1213 1375 divino
1233 1320 1263 1374 et
1274 1314 1329 1374 hu-

348 1439 364 1481 ‹
386 1437 484 1498 mano,
503 1419 585 1497 signo
600 1416 704 1479 Christi
718 1423 747 1479 et
760 1416 842 1495 signo
856 1416 972 1495 diaboli,
987 1418 1087 1480 castris
1100 1418 1171 1479 lucis
1189 1425 1218 1480 et
1230 1417 1331 1479 castris

348 1542 364 1585 ‹
385 1524 586 1586 tenebrarum:
603 1540 662 1584 non
678 1528 773 1603 potest
786 1539 843 1583 una
857 1522 951 1583 anima
965 1521 1078 1585 duobus
1097 1521 1205 1598 deberi,
1221 1521 1280 1583 Deo
1297 1527 1328 1583 et

347 1646 362 1687 r
386 1625 529 1689 Caesari...
549 1626 611 1705 (3).
626 1624 680 1701 Tu,
696 1624 722 1686 si
735 1623 841 1686 diaboli
854 1644 989 1707 pompam
1003 1624 1128 1707 ejerasti,
1144 1625 1282 1706 quidquid
1294 1644 1328 1688 en

347 1752 362 1792 r
386 1734 419 1795 aa
437 1730 576 1810 attigeris,
592 1730 664 1792 scias
677 1748 739 1793 esse
761 1728 970 1792 idololatriam:
985 1729 1029 1791 rel
1046 1729 1148 1793 hoste
1162 1746 1328 1791 commone-

348 1856 364 1898 ‹
386 1836 479 1913 saciat,
496 1853 598 1898 omnes
618 1834 705 1915 hujus
728 1833 825 1896 seculi
846 1838 1001 1913 potestates
1023 1849 1082 1893 non
1096 1831 1190 1893 soldm
1209 1832 1325 1909 alienas,

350 1958 365 2001 t
386 1940 486 2003 verbm
501 1938 586 2001 etiam
601 1937 730 1999 inimicas
742 1936 794 1999 Ilei
808 1954 882 2015 esse,
896 1936 973 2017 qudd
987 1954 1038 2017 per
1050 1936 1113 1997 illas
1126 1936 1264 1999 adversius
1276 1936 1327 1999 bei

348 2062 364 2103 r
387 2060 484 2105 servos
500 2041 638 2122 supplicia
652 2040 781 2102 consulta
798 2049 867 2103 sunt
881 2041 940 2123 (t).
960 2062 975 2103 ›
993 2042 1097 2104 Actum
1111 2048 1173 2103 erat
1184 2042 1220 2105 de
1235 2042 1327 2104 chris-
1367 2086 1372 2093 -

346 2146 421 2207 tiana
435 2126 632 2206 instabamus
645 2143 815 2223 crscrpnna,
831 2145 855 2205 st
871 2145 937 2207 urta
951 2146 1026 2225 apuu
1039 2145 1196 2207 ceresam
1213 2144 1327 2207 castne-

344 2266 419 2325 rent,
437 2249 564 2329 nihilque
577 2246 756 2322 Christianis,
779 2247 897 2309 humani
915 2248 1028 2326 generis
1047 2248 1144 2311 odium
1161 2250 1224 2329 jam
1238 2249 1328 2329 proli-

343 2352 479 2431 tentibus,
504 2352 647 2433 reliquum
669 2358 741 2426 erat,
765 2352 821 2412 nisi
841 2361 874 2414 nt
890 2372 955 2416 sese
972 2354 1003 2414 in
1020 2354 1123 2435 sylvas,
1145 2354 1276 2436 rupicum
1298 2364 1327 2417 et

342 2456 640 2539 gymnosophistarum
662 2456 718 2517 ritu
739 2455 920 2537 recipientes,
942 2458 1095 2539 omniaque
1114 2458 1252 2520 exsecrati
1272 2477 1325 2539 per

343 2580 406 2643 quae
422 2570 472 2623 aut
484 2561 579 2639 alitur,
595 2566 645 2622 aut
659 2559 885 2638 administratur,
900 2569 950 2622 aut
969 2562 1063 2638 floret,
1083 2570 1133 2622 aut
1145 2580 1178 2624 se
1190 2562 1323 2625 adversius

342 2666 457 2729 hostiles
470 2665 594 2747 impetus
609 2664 701 2746 patria
715 2672 824 2743 tuetur,
840 2664 931 2725 eccles
946 2665 1011 2725 iritoe
1024 2664 1137 2726 fierent.
1152 2664 1242 2728 Causa
1253 2665 1322 2728 tanti

341 2780 455 2854 tamque
480 2770 592 2834 exitiosi
613 2771 737 2847 erroris,
759 2770 783 2831 si
804 2787 934 2850 quaeras,
953 2769 983 2829 in
1004 2776 1139 2850 promptu
1162 2778 1223 2831 est:
1247 2771 1321 2850 quod

340 2878 444 2942 Noster
458 2879 486 2939 in
501 2877 610 2939 artibus
624 2894 677 2958 per
689 2894 721 2939 se
732 2873 870 2950 honestis,
885 2872 1078 2937 vitiatantrim
1087 2872 1322 2954 respexitquihus

339 3001 391 3063 per
406 3000 456 3045 eos
470 2982 580 3047 iniectae
599 2989 664 3042 sunt
685 2979 735 3061 qui
756 2979 819 3041 illas
839 2978 914 3041 malie
934 2978 1113 3056 exercebant,
1138 2983 1167 3040 et
1184 2996 1217 3040 ea
1237 2996 1320 3058 pros·

337 3088 434 3169 cripsit
447 3106 510 3168 quae
524 3086 554 3147 in
572 3085 722 3167 pristinam
743 3085 854 3146 tantiam
871 3082 1061 3162 integritatem
1081 3082 1239 3145 revocanda
1257 3082 1321 3149 lue·
1372 3131 1375 3135 .

337 3198 415 3252 runt.
430 3189 609 3267 blap'stratus
623 3189 691 3267 ergb
709 3186 861 3249 Christiani
876 3195 1038 3268 capessent,
1056 3187 1142 3249 modo
1162 3187 1202 3250 nil
1217 3186 1320 3249 Caesari

337 3292 473 3368 tribuant,
489 3291 542 3352 nisi
557 3309 621 3370 quae
634 3290 753 3353 Caesaris
765 3299 848 3352 sunt:
864 3289 1037 3368 militabunt,
1055 3291 1140 3352 modo
1154 3290 1315 3353 Thebanam

335 3394 488 3473 legionem,
499 3394 524 3455 si
533 3393 643 3455 maasia
654 3394 795 3471 inciderit,
812 3394 969 3458 imitentur.
981 3394 1216 3474 Negotiabuntur,
1228 3395 1315 3457 modo

335 3496 383 3559 illa
396 3496 550 3575 negotiatio
566 3496 613 3572 sit,
635 3515 692 3558 non
707 3496 763 3559 doli
784 3505 833 3560 aut
853 3499 939 3561 lurta,
962 3499 1096 3576 Litteras,
1118 3499 1203 3561 etiam
1217 3498 1314 3580 prola·

334 3620 397 3679 nas,
421 3600 574 3677 docebunt,
597 3600 681 3662 modo
705 3618 837 3663 errorum
857 3602 1038 3691 enarratione
1058 3604 1093 3666 ad
1115 3602 1312 3666 insinuandam

365 3828 400 3893 (a)
418 3796 591 3893 oeta0r01,‚a
608 3830 633 3878 r.

243 3911 246 3921 '
342 3913 397 3985 'm
414 3920 467 3980 ro„
482 3920 494 3983 a
510 3920 550 3971 ro.
700 3963 706 3973 ,,

362 4012 397 4077 (ὅ)
415 4012 451 4063 lle
466 4010 565 4072 idolol„
580 4010 594 4073 l
610 4010 649 4061 ¹9.
666 4009 760 4061 Eadem
774 4010 799 4059 in
815 4010 881 4063 libro
895 4012 928 4064 do
941 4012 1040 4065 Corona
1053 4014 1136 4065 brsiirs
1148 4018 1296 4065 tractantur.

362 4101 397 4169 (a)
415 4103 466 4163 ra,
483 4102 495 4165 a
515 4103 555 4151 rs,
