3200 5067
494 511 679 568 OPUSGULUM
697 509 956 566 aninosorrtlcun.
1187 511 1217 564 ot

239 645 254 686 a
277 624 370 706 seqoii
385 626 601 704 necessitatem3
617 626 755 702 secundb,
770 627 836 708 quia
848 627 984 689 amodum
997 627 1034 688 sit
1046 643 1162 690 necesse
1177 633 1221 688 est

239 747 255 788 a
278 728 355 809 quod
367 729 460 790 noluit
470 729 591 806 admitti,
607 736 637 790 et
647 725 770 792 nolendo
785 729 942 810 prohibuit.
958 728 1031 790 llalo
1043 736 1138 790 autem
1152 747 1222 810 par-

240 853 255 894 a
277 851 342 897 cere
356 833 414 896 beo
427 833 571 912 indignius
584 835 633 913 sit,
646 837 731 916 quam
745 833 981 911 animadvertere,
994 842 1023 895 et
1034 834 1148 914 quidem
1162 833 1223 896 lieo

239 958 255 997 e
277 938 396 1018 optimo,
408 937 522 1019 quinon
533 939 696 1020 alidsplene
712 937 805 999 bonus
819 938 867 1015 sit,
878 937 933 999 nisi
951 937 1019 1000 mali
1033 937 1222 1012 aemulus‚uti

240 1059 256 1100 a
277 1039 345 1102 boni
359 1059 487 1103 amorem
501 1041 566 1103 odio
584 1042 651 1102 mali
662 1048 806 1115 exerceat,
821 1048 851 1101 et
864 1039 933 1101 boni
948 1039 1070 1102 tutelam
1079 1056 1222 1120 expugna·

241 1143 355 1206 «suone
372 1145 438 1206 mali
453 1144 606 1225 impleat...
625 1143 746 1221 Audite,
770 1150 946 1226 peccatores,
969 1143 1079 1223 quique
1091 1141 1220 1204 nondilm

240 1266 256 1307 e
278 1247 333 1309 boc
355 1247 433 1324 estis,
450 1254 482 1308 ut
505 1265 568 1309 esse
591 1247 722 1328 possitis:
740 1245 815 1309 lleus
837 1247 1084 1309 meliorinventus
1097 1254 1151 1323 est,
1168 1245 1218 1326 qui

242 1371 257 1412 a
279 1369 332 1414 nec
345 1352 507 1429 offenditur,
523 1371 576 1415 nec
588 1352 731 1429 irascitur,
747 1370 800 1414 nec
814 1351 1015 1429 ulciscitur3...
1025 1350 1219 1432 problbetde-

242 1474 257 1515 c
278 1455 418 1536 linquere,
440 1457 491 1518 sed
510 1457 611 1518 litteris
625 1458 731 1520 solis...
751 1458 812 1534 Age
825 1455 932 1535 itaque,
953 1455 1020 1536 quid
1037 1473 1094 1516 non
1109 1455 1139 1516 in
1155 1471 1219 1515 om·

241 1578 256 1620 t
278 1578 345 1622 nem
359 1559 503 1622 libidinem
518 1560 630 1636 ebullis,
646 1577 803 1636 summum,
812 1558 890 1639 quod
903 1559 1003 1637 sciam,
1017 1558 1143 1621 fructum
1156 1557 1220 1618 vitae

241 1683 256 1724 c
278 1663 411 1725 omnibus
430 1663 479 1742 qui
500 1661 590 1726 Deum
609 1680 666 1724 non
686 1661 809 1722 timent?
823 1661 897 1734 Quid
910 1679 968 1723 non
986 1661 1150 1742 frequentas
1168 1678 1219 1722 so·

240 1786 255 1827 ‹
278 1767 388 1828 lemnes
400 1765 558 1846 voluptates
565 1764 634 1827 circi
643 1765 775 1841 liuentis,
791 1770 819 1826 et
828 1781 919 1827 eaveae
929 1745 1080 1842 sarientis,
1090 1769 1119 1826 et
1128 1781 1221 1826 scena

241 1893 256 1933 a
279 1869 467 1933 lascivientis?
489 1870 557 1951 quid
575 1888 634 1930 non
649 1876 678 1931 et
697 1869 729 1930 in
742 1858 999 1950 persecutionibus,
1014 1866 1109 1928 statim
1127 1866 1221 1928 oblata

242 1996 257 2037 ‹
280 1976 389 2051 acema,
403 1974 527 2036 animam
542 1974 691 2052 negatione
705 1973 825 2035 lucraris
841 1972 909 2053 (υἱ)
925 1992 941 2034 a

280 2077 366 2140 Totus
380 2076 467 2155 igitur
478 2078 577 2155 homo,
588 2084 653 2158 post
666 2083 788 2138 mortem
802 2075 953 2152 redivivus,
964 2072 1112 2136 materiam
1121 2070 1223 2134 divine

240 2180 355 2261 justitiae
377 2181 544 2245 exercendae
563 2180 711 2261 prebebit,
735 2180 781 2242 cui
802 2186 878 2242 totus
898 2180 1038 2242 debetur:
1061 2177 1155 2239 anima
1169 2193 1222 2256 per

242 2283 495 2361 immortalitatem,
511 2300 615 2364 corpus
634 2301 687 2365 per
705 2283 962 2346 resurrectionem:
986 2299 1092 2344 norum
1105 2278 1223 2342 omnint

244 2392 272 2448 et
282 2385 440 2448 inauditum
452 2387 566 2466 dogma,
577 2387 613 2449 ab
623 2387 772 2466 Evangelio
784 2387 813 2448 in
822 2387 1032 2469 philosophiam
1039 2384 1220 2448 translatum.

243 2488 420 2572 Quamquam
443 2491 466 2553 si
489 2510 563 2568 rem,
586 2491 700 2554 omissis
721 2492 850 2570 argutiis,
872 2491 978 2554 omissa
997 2509 1083 2573 quam
1103 2488 1223 2571 quisque

244 2591 297 2654 sibi
319 2593 512 2675 praejudicavit
529 2592 710 2674 opinionem,
733 2593 883 2672 diligenter
903 2594 1117 2670 examinemus,
1142 2591 1224 2653 facile

244 2705 434 2760 consentanea
455 2697 558 2760 rationi
580 2697 737 2776 videbitur3
763 2701 821 2779 qud
844 2700 935 2778 magis
959 2699 1072 2761 mireris
1093 2697 1223 2772 nullom,

245 2803 310 2864 ante
325 2800 354 2864 id
367 2803 515 2884 temporis,
531 2802 617 2864 luisse
634 2802 683 2882 qui
696 2802 771 2864 hanc
785 2803 943 2881 veriorem,
962 2804 1006 2865 vel
1021 2801 1160 2883 dispicere
1173 2819 1224 2861 ra-

244 2903 327 2982 leret,
342 2905 385 2967 vel
399 2906 526 2986 profiteri
541 2906 669 2967 auderet.
686 2905 827 2982 Primdm,
843 2906 869 2968 is
882 2915 928 2968 est
941 2906 1068 2988 corporis
1080 2904 1225 2984 animique

245 3008 318 3071 luter
331 3027 362 3072 se
376 3028 479 3087 nexus,
495 3016 527 3071 ut
539 3029 573 3072 ex
584 3017 707 3090 utroque
722 3029 812 3072 unum
825 3012 930 3076 animm
946 3010 1096 3086 efficiatur,
1112 3009 1158 3070 cui
1174 3027 1226 3070 no-

246 3130 311 3174 men
326 3113 449 3176 bominis
464 3113 606 3190 convenit,
628 3132 687 3175 non
700 3114 804 3176 animae
825 3114 890 3191 soli,
904 3114 966 3176 sine
979 3113 1073 3175 carnis
1092 3112 1228 3174 societate

246 3233 353 3279 mance
363 3217 426 3296 iam
440 3224 469 3280 et
481 3217 562 3298 quasi
578 3215 741 3280 dimidiata.
757 3217 893 3298 Adeoque
905 3217 1078 3279 consortium
1088 3215 1159 3278 illud
1169 3233 1226 3277 non

246 3326 289 3381 cst
305 3327 410 3401 praeter
420 3326 564 3396 naturam,
581 3326 613 3382 ut
626 3323 724 3383 contra
737 3339 794 3384 non
808 3321 870 3383 sine
883 3320 1047 3399 gravissima
1057 3326 1170 3382 'naturae
1183 3319 1227 3381 ol·

246 3421 324 3485 lenst
337 3423 428 3486 ambae
444 3424 643 3486 dissocientur.
658 3423 687 3487 Si
699 3426 767 3504 ergo
781 3425 1058 3507 summesapientiae
1071 3431 1125 3500 est,
1140 3423 1227 3506 quid-

245 3530 312 3609 quid
332 3531 456 3593 hominis
477 3539 588 3594 naturae
602 3533 632 3593 in
652 3532 734 3595 terris
752 3533 893 3596 inchoatae
911 3532 1012 3611 deluit,
1028 3533 1056 3593 in
1070 3532 1229 3594 eternitate

245 3635 414 3716 adimplere,
435 3635 459 3697 si
480 3635 591 3714 dignius
613 3635 671 3700 lleo
694 3637 806 3700 videtur
828 3646 919 3700 totum
937 3637 1083 3699 bominem
1099 3635 1225 3712 abolere,

243 3740 326 3819 qudm
349 3746 510 3805 truncatum
529 3748 564 3804 et
578 3749 658 3823 parte
678 3745 794 3824 suljom
817 3741 921 3802 orbum
936 3741 965 3801 in
980 3737 1226 3802 immortalitatem

244 3841 413 3922 producere,
427 3844 555 3925 sequitur
567 3853 599 3906 ut
612 3852 688 3906 totus
702 3845 789 3904 homo
803 3843 960 3918 redaiscat,
975 3859 1028 3903 nec
1040 3847 1150 3922 partem
1165 3844 1223 3918 sul,

246 3945 310 4006 edm
323 3949 435 4023 natura,
449 3948 509 4010 tdm
524 3949 659 4011 diuturno
677 3944 863 4008 contubernio
877 3944 1056 4020 familiarem,
1072 3962 1161 4022 usque
1175 3963 1226 4006 re·

280 4146 313 4211 n)
332 4147 394 4201 nov.
409 4148 496 4214 nare,
512 4149 531 4213 r,
548 4150 574 4212 aa
588 4147 679 4199 as-ar.
