3200 5067
518 456 698 510 otuscuuuu
714 454 970 507 eflttosormctttt.
1187 455 1221 506 63

245 575 292 637 illo
312 573 437 635 numinis
458 589 524 634 cum
542 572 657 634 homino
677 567 874 646 contubernio,
897 569 978 649 plura
996 570 1081 649 quem
1095 569 1164 632 alids
1179 569 1220 632 ibi

244 681 360 760 vestigia
373 687 564 762 superessent.

284 787 376 864 Nunc,
397 787 421 848 si
441 803 553 867 quaeras
573 791 670 846 utrum
689 783 906 867 philosophandi
922 801 1012 864 genus
1024 782 1100 865 apud
1113 791 1220 846 ueteres

244 890 408 970 obtinuerit,
424 889 552 972 plerique
564 907 629 970 quae
645 887 697 952 sibi
711 889 857 970 placerent
869 889 1043 966 maluerunt,
1058 889 1145 970 quom
1157 908 1221 971 quae

244 1002 293 1057 aut
305 996 431 1058 humano
447 994 543 1074 generi
554 997 649 1057 essent
661 993 790 1076 probata,
815 1002 865 1056 aut
880 993 973 1056 divini
985 1011 1053 1056 voce
1066 992 1220 1056 declarata.

244 1099 289 1164 Sic
301 1099 349 1161 ille
361 1099 422 1182 ipse
435 1097 516 1162 Plato
530 1098 638 1162 animas
649 1097 729 1176 fingit
740 1103 880 1175 eternam
896 1097 939 1160 six
952 1096 1116 1160 tumentes
1129 1097 1220 1159 ileum

243 1211 327 1284 negat
347 1204 433 1267 rebus
455 1201 622 1286 providere,
651 1202 717 1264 culm
741 1201 856 1283 utrique
875 1201 1010 1265 intentius
1032 1201 1219 1279 auscultanti,

243 1327 296 1372 vox
309 1316 418 1372 naturae
433 1310 593 1386 clamasset,
612 1307 652 1369 nil
672 1313 812 1371 aeternum
824 1325 886 1370 esse
897 1306 951 1368 nisi
963 1306 1053 1370 Deum
1068 1325 1171 1384 unum,
1193 1313 1223 1370 et
1239 1383 1242 1386 ῃ

242 1413 313 1475 tarrti
321 1412 415 1494 operis
427 1413 531 1475 molem
544 1411 662 1476 consilio
675 1411 915 1493 intelligentiaque
923 1410 984 1491 regi
992 1411 1122 1492 alicujus.
1133 1411 1221 1474 llultd

242 1517 327 1580 etiam
354 1519 546 1582 contumacius
571 1518 656 1580 divioi
680 1517 821 1580 sermonis
840 1515 1037 1579 auctoritatem
1060 1515 1222 1598 philosophi

242 1622 318 1704 passi
333 1629 418 1684 sunt:
434 1641 487 1684 nec
501 1641 564 1684 eam
578 1622 642 1685 dico
656 1641 720 1704 quae
731 1641 762 1685 se
771 1621 894 1686 divinam
907 1621 1107 1700 mentiebatur,
1119 1622 1137 1683 d
1147 1639 1221 1703 poe-

242 1727 290 1802 tis,
306 1745 365 1788 non
381 1728 397 1786 a
411 1726 483 1788 coelo
497 1726 604 1788 ducens
618 1727 767 1806 originem.
783 1725 853 1799 Quis
866 1726 942 1789 enim
956 1725 1141 1807 philosophos
1152 1727 1220 1806 jure

241 1830 419 1908 criminetur,
444 1830 520 1912 qudd
537 1831 654 1894 menos
670 1831 705 1894 de
718 1831 819 1909 ligneis
832 1830 1066 1893 diissententiam
1079 1828 1221 1892 dixerint?

241 1934 312 2008 Quis
331 1934 425 2016 potiris
444 1953 502 1997 non
521 1935 659 2017 optaverit
673 1953 794 1998 summae
814 1933 990 1997 auctoritatis
1007 1933 1083 1995 uiros
1102 1932 1220 1994 tortiora

241 2039 336 2101 ammo
350 2039 380 2101 in
393 2040 515 2102 nefarias
529 2041 604 2120 vulgi
619 2038 834 2121 superstitiones
846 2037 969 2100 invectos
979 2037 1076 2115 luisse,
1091 2042 1121 2100 et
1133 2055 1221 2117 quas-

243 2163 365 2226 cumque
376 2145 411 2208 de
419 2145 477 2208 lleo
490 2143 632 2208 habebant
643 2143 756 2207 notitias
766 2139 912 2205 liberalius
922 2142 958 2204 de
966 2142 1071 2204 scbobs
1079 2141 1109 2204 in
1123 2141 1221 2204 civita·

242 2259 284 2314 tes
299 2251 449 2314 effudisset
471 2250 562 2325 Quem
575 2269 634 2312 non
651 2249 735 2313 laedat
748 2249 888 2326 Socrates,
904 2255 1031 2312 extremo
1044 2248 1145 2331 spiritu
1158 2250 1220 2328 gal-

243 2358 302 2420 lum
316 2357 476 2438 AEsculapio
488 2355 642 2438 spondens,
659 2353 1061 2438 Xenophonqueindpologib
1077 2373 1219 2418 summam

243 2459 370 2539 magistri
392 2460 422 2520 in
441 2460 546 2541 patrias
568 2459 718 2538 religiones
740 2458 860 2521 laudans
883 2457 1039 2540 pictatem?
1060 2457 1115 2521 Sed
1143 2458 1219 2520 inte-

242 2583 320 2643 gram
332 2565 394 2628 dico
409 2566 602 2646 germaneque
615 2564 738 2626 divinam
754 2564 913 2641 veritatem,
933 2583 1007 2644 quae,
1024 2561 1127 2640 visua,
1141 2581 1219 2645 prse-

242 2675 285 2730 ter
299 2668 453 2731 humanam
464 2669 562 2748 tidem,
578 2676 669 2731 totum
680 2669 817 2750 perfregit
829 2668 942 2750 imperii
951 2669 1053 2747 robur,
1066 2669 1216 2733 occullam

242 2774 338 2851 posted
350 2779 462 2835 aetatem
476 2773 595 2836 existere
610 2791 692 2854 passa
706 2780 760 2851 est,
776 2791 862 2854 quam
875 2791 932 2835 non
945 2773 1032 2836 radiis
1046 2771 1118 2850 suis,
1130 2773 1216 2836 etiam

241 2876 369 2955 inritam,
389 2877 597 2942 illuminaverit.
621 2879 651 2944 Si
670 2879 878 2961 conjiciendum
896 2879 1012 2942 daretur
1033 2886 1127 2943 utram
1148 2898 1218 2962 par-

241 2987 312 3060 tem,
334 2985 484 3046 commisso
506 2985 580 3046 inter
600 3003 701 3046 novam
715 2984 800 3047 tidem
814 2989 844 3047 et
857 2984 986 3066 antiquas
1001 2985 1217 3066 superstitiones

240 3085 349 3166 praelio,
373 3085 533 3170 pbilosopbi
552 3088 710 3170 amplexari
732 3095 837 3165 essent,
863 3088 971 3152 nemini
989 3088 1108 3151 dubium
1130 3089 1215 3168 foret,

240 3191 291 3253 toti
308 3191 458 3254 Socraticae
475 3193 550 3273 genti
564 3195 639 3256 banc
653 3193 806 3275 probatum
819 3192 855 3254 iri
868 3191 1057 3275 disciplinam,
1072 3212 1215 3276 quaecum

239 3298 306 3378 ipsis
319 3298 348 3360 in
361 3301 427 3360 verb
438 3298 541 3361 uirtute
553 3297 694 3361 laudande
707 3297 890 3375 consentiret,
905 3295 1122 3378 Platonicosque
1138 3316 1216 3379 prae-

238 3403 336 3465 sertim
350 3403 471 3467 ddnam
485 3421 582 3466 vocem
595 3403 681 3466 luisse
694 3403 852 3484 agnituros,
874 3403 956 3483 cujus
976 3402 1124 3467 cudendae
1137 3411 1215 3466 tanto

238 3505 372 3587 magister
394 3525 492 3568 amore
517 3507 692 3586 flagraverat.
715 3506 796 3581 Quod
816 3507 900 3586 louge
919 3505 1001 3580 aliter
1014 3507 1125 3570 euenit:
1148 3525 1215 3568 nam

240 3633 302 3696 qua
316 3615 419 3696 parurn
434 3614 544 3676 lortiter
557 3613 625 3697 quid
643 3612 678 3677 de
697 3613 809 3696 Olympi
821 3614 925 3678 sabulis
938 3615 1067 3690 sentiret,
1081 3611 1216 3674 dissimu-

235 3718 352 3799 laverat,
373 3719 472 3782 eadem
495 3738 572 3782 nunc
590 3719 767 3801 philosophia
785 3717 888 3781 Christi
901 3716 1054 3796 discipulos
1068 3714 1214 3778 acenimis

238 3823 307 3886 cdlis
323 3832 472 3908 persecuta
486 3833 539 3904 est,
559 3825 695 3888 nimirum
714 3826 790 3904 aegre
808 3823 902 3885 serens
916 3829 1003 3883 totam
1018 3819 1122 3883 abillis
1138 3839 1215 3903 prae-

238 3931 494 4009 cicestrensem,
515 3933 595 4014 cujus
613 3931 721 3993 minuta
741 3929 851 3992 tantum
864 3927 1023 4006 fragmenta
1034 3927 1214 3989 insusurrare

237 4055 391 4117 paucorum
408 4057 477 4100 ausa
493 4039 586 4100 luerat
596 4035 722 4098 auribus.
734 4035 776 4098 'lu
786 4032 922 4096 itdluisse
929 4029 1064 4093 miraris‘l
1078 4047 1131 4108 ego
1142 4029 1213 4091 verb

237 4161 294 4204 non
307 4143 407 4220 miror,
432 4143 477 4206 cui
495 4142 531 4205 sit
545 4143 721 4223 exploratum
735 4139 911 4222 quantopere
923 4134 1102 4218 philosopho,
1117 4133 1214 4214 glorio
