3200 5067
345 534 396 584 ars
637 531 678 583 oa
695 531 725 594 o.
742 532 767 582 s.
787 532 816 581 r.
834 528 1054 581 mnrutcmuo
1107 597 1112 604 .

747 658 929 706 {immusicus

390 773 486 851 oligo
509 774 577 834 verb
601 771 740 834 contendo
764 770 894 851 quaedam
916 768 955 829 ab
982 755 1120 850 apostolis
1144 785 1201 828 non
1225 767 1329 831 tradite

350 898 365 936 a
389 877 487 955 luisse,
502 877 654 959 ipsumque
666 875 820 937 Dominum
832 875 887 935 bae
903 874 941 935 de
953 891 986 934 re
1001 872 1211 956 pronuntiasse.
1227 871 1330 934 llicens

348 1000 364 1041 a
386 981 462 1042 enim
475 1001 482 1041 :
493 980 590 1041 Adbdc
604 979 690 1039 multo
707 979 788 1038 babeo
802 997 863 1058 pore
877 979 975 1058 loquor
993 978 1073 1046 uobis,
1091 977 1137 1038 scd
1150 977 1271 1037 nondum
1280 997 1330 1055 po-

349 1102 365 1144 (
389 1084 462 1144 testis
471 1093 586 1163 portare
603 1101 634 1142 eo
642 1104 652 1153 ,·
665 1101 748 1160 quarm
761 1085 866 1142 venero
879 1082 1001 1162 Spiritus
1016 1069 1142 1147 Sanctus,
1159 1079 1216 1158 ipse
1229 1079 1329 1139 docebit

349 1205 431 1248 (vos
452 1207 560 1247 omnem
582 1186 736 1253 ueritatem.
757 1185 826 1246 satis
848 1186 947 1266 utique
969 1184 1120 1266 praetendit
1141 1200 1175 1244 ea
1197 1189 1328 1243 acturum

348 1311 364 1350 ‹
388 1290 468 1351 illum
493 1309 557 1370 quae
581 1307 652 1350 nova
678 1288 832 1350 existimari
855 1289 985 1370 possint,
1012 1296 1045 1349 ut
1068 1289 1226 1367 numqudm
1250 1289 1329 1346 retrb

350 1414 364 1454 u
387 1393 472 1455 edita·
486 1392 650 1454 Paracletus
664 1391 752 1454 multa
767 1392 877 1454 babens
886 1392 1006 1454 edocere
1022 1409 1087 1471 quae
1100 1389 1130 1450 in
1143 1389 1224 1450 illum
1238 1388 1328 1450 distu-

350 1515 365 1556 t
386 1495 419 1557 lit
432 1495 581 1572 Dominus,
597 1494 691 1575 ipsum
716 1494 810 1576 primb
832 1493 977 1555 Christum
1000 1491 1206 1555 contestabitur
1216 1492 1328 1571 qualem

351 1617 366 1659 t
389 1597 548 1674 credimus,
574 1603 603 1658 et
619 1596 671 1671 sic,
686 1595 722 1658 de
745 1597 894 1678 principali
916 1598 1015 1676 regula
1035 1597 1162 1676 agnitus,
1178 1595 1226 1658 illa
1240 1596 1329 1657 multa

351 1719 365 1760 s
388 1718 452 1780 quae
466 1706 533 1761 sunt
546 1698 759 1780 disciplinarum
771 1700 908 1762 revelabit
921 1707 977 1775 (Ι).
997 1720 1013 1761 o

746 1847 933 1893 carnotinus·

391 1976 407 2017 a
429 1956 493 2018 Scio
509 1955 658 2020 haereticos
671 1955 885 2032 diceresolitos,
902 1973 959 2016 non
973 1954 1070 2041 omnia
1080 1954 1223 2035 apostolos
1232 1953 1328 2031 scisse,

352 2085 367 2115 α
390 2061 532 2123 Christum
555 2060 769 2142 reprehensioni
789 2050 983 2140 subjicientes,
1007 2059 1056 2140 qui
1072 2059 1166 2120 mimis
1179 2059 1331 2120 insuuctos

352 2184 367 2226 t
390 2165 533 2245 apostolos
548 2164 667 2225 miserit.
683 2164 752 2248 Quis
764 2170 858 2224 autem
871 2164 989 2242 integrae
1000 2163 1228 2226 mentiscredere
1239 2169 1332 2244 potest

352 2287 367 2326 u
391 2267 496 2346 aliquid
509 2285 557 2328 eos
571 2267 730 2344 ignorasse,
745 2285 818 2347 quos
833 2269 982 2346 magistros
1000 2269 1137 2331 Dominus
1151 2268 1239 2345 dedit,
1256 2269 1331 2330 indi·

353 2389 368 2429 c
390 2370 490 2432 viduos
513 2369 622 2430 habens
645 2369 674 2429 in
695 2371 849 2449 comitatu,
873 2373 902 2433 in
924 2372 1111 2453 discipulatu,
1137 2372 1166 2432 in
1189 2371 1329 2449 conuictu,

352 2494 367 2536 o
391 2475 494 2556 quibus
520 2475 639 2536 obscura
661 2492 782 2557 quaeque
805 2494 936 2538 seorsum
962 2465 1134 2552 disserebat,
1159 2475 1214 2536 illis
1235 2475 1331 2538 dicens

353 2597 368 2637 o
392 2577 489 2640 datum
506 2596 569 2639 esse
583 2596 754 2657 cognoscere
768 2596 872 2640 arcana
893 2597 957 2659 quae
977 2578 1083 2660 populo
1104 2578 1260 2656 intelligere
1273 2596 1330 2640 non

354 2699 369 2740 u
392 2679 508 2742 liceret‘l
523 2679 617 2743 Latuit
629 2681 733 2762 aliquid
748 2681 877 2760 Petrum,
892 2682 1065 2744 edificandae
1078 2681 1211 2743 Ecclesiae
1220 2688 1330 2762 petram

355 2803 371 2842 ‹
392 2784 510 2863 dictum,
535 2786 627 2848 claues
647 2786 726 2864 regni
750 2786 888 2848 coelorum
909 2794 1106 2862 consecutum,
1123 2793 1153 2848 et
1165 2786 1288 2848 solvendi
1303 2794 1332 2847 et

353 2908 368 2948 r
393 2888 524 2966 alligandi
538 2890 568 2951 in
582 2889 660 2952 coelis
674 2889 744 2951 etin
760 2889 843 2950 terris
857 2888 1045 2970 potestatem‘.l
1054 2889 1148 2949 Latuit
1156 2896 1185 2950 et
1192 2887 1331 2951 loannem

354 3013 369 3053 α
393 2993 498 3074 aliquid
521 2993 737 3056 dilectissimum
758 2991 897 3068 Domino,
917 2991 1025 3072 pectori
1048 2991 1110 3072 ejus
1132 2991 1329 3069 incubantem,

356 3117 371 3157 a
393 3116 479 3178 quem
494 3098 557 3159 loeo
572 3116 623 3159 suo
643 3097 734 3158 lilium
748 3097 847 3158 Mariae
859 3095 1084 3158 demonstravit?
1098 3095 1172 3168 Quid
1188 3114 1238 3158 eos
1250 3096 1331 3175 igno-

355 3218 370 3260 r
393 3218 471 3261 rasse
487 3200 586 3276 voluit,
602 3200 705 3279 quibus
718 3200 803 3262 etiam
821 3199 941 3278 gloriam
954 3217 1036 3261 suam
1056 3199 1192 3275 exhibuit,
1208 3206 1237 3261 et
1250 3200 1333 3262 insu·

355 3321 370 3361 «
392 3320 444 3382 per
455 3302 490 3363 de
504 3303 576 3364 coelo
592 3301 684 3364 Petris
696 3303 816 3365 uocem‘l
830 3303 944 3365 Dixerat
956 3303 1040 3383 plane
1054 3303 1206 3383 aliquandb
1220 3322 1227 3363 :
1243 3302 1332 3366 Multo

356 3422 371 3462 r
395 3404 477 3465 dobeo
491 3405 580 3465 odbrle
591 3406 663 3466 uobis
683 3404 765 3486 loqui,
783 3409 828 3468 sed
850 3427 907 3469 oon
924 3408 1035 3487 potestis
1050 3408 1127 3468 modo*
1140 3427 1173 3467 eo
1185 3409 1328 3470 mstinere.

355 3525 371 3567 c
394 3505 500 3568 Tamen
515 3507 667 3588 adjiciens:
687 3507 756 3570 Com
769 3511 874 3570 venerit
887 3510 936 3570 ille
947 3509 1069 3589 Spiritus
1079 3511 1210 3581 veritatis,
1223 3511 1331 3571 dedocet

356 3628 371 3670 r
393 3629 438 3670 oos
451 3610 482 3671 in
495 3629 603 3671 ornnem
615 3611 773 3682 veritatem,
792 3612 915 3674 ostendit
928 3612 991 3675 illos
1005 3613 1074 3674 nibil
1087 3613 1245 3691 ignorasse,
1259 3631 1331 3693 quos

355 3734 370 3775 a
394 3733 510 3778 omnem
533 3715 678 3779 ueritatem
702 3724 905 3780 consecuturos
925 3716 1125 3799 perspiritum
1144 3717 1331 3779 ueritatisre-

355 3835 371 3874 ‹
393 3818 579 3896 promiserat,
596 3825 624 3880 et
637 3819 735 3900 utique
749 3818 874 3900 implevit
887 3819 1092 3899 repromissum
1106 3820 1166 3898 (2).
1184 3839 1199 3879 o

392 3919 434 3981 Ne
447 3921 566 3983 verbum
587 3922 700 4002 quidem
716 3922 871 3985 addemus:
892 3923 957 4003 quis
969 3923 1046 3985 enim
1059 3931 1088 3984 et
1108 3923 1210 3985 melicis
1227 3928 1256 3983 et
1269 3921 1330 4001 ple-

389 4097 423 4163 ll)
438 4099 474 4149 lle
488 4099 623 4163 llonog.,t
637 4099 664 4149 2.

387 4188 421 4255 (ἱ)
434 4191 469 4242 be
483 4191 637 4254 Praescript„
651 4189 663 4254 5
678 4189 720 4240 dl.
