3200 5067
498 525 682 581 oruscuudlt
699 525 958 601 rumosorfficuu.
1180 529 1212 579 57

234 666 249 710 o
271 646 362 707 calces
382 639 641 721 nationumque
655 639 796 701 daemonia
812 639 949 720 expellis?
964 640 1041 721 quod
1053 640 1112 703 lleo
1125 640 1213 704 tivis‘l

234 768 250 809 n
272 748 340 811 llaec
353 744 514 828 spectacula
528 743 765 822 Christianorum,
781 751 889 821 sancta,
904 750 1054 825 perpetuu,
1073 744 1212 822 gratuita:

234 872 250 913 u
272 852 303 913 iu
321 852 366 913 his
379 850 429 913 tibi
447 850 589 912 circenses
608 847 690 910 ludos
704 847 929 928 interpretare...
945 847 975 910 Si
990 847 1128 923 scientie,
1144 847 1215 909 doc-

234 977 248 1017 «
272 956 354 1021 trinae
371 954 523 1031 delectent,
545 954 612 1016 satis
633 952 713 1015 nobis
731 952 892 1013 litterarum
911 960 965 1028 est,
987 952 1056 1014 satis
1069 969 1215 1028 versuum,

235 1080 250 1121 c
273 1060 340 1123 satis
360 1058 578 1135 sententiarum,
594 1056 661 1119 setis
675 1056 759 1119 etiam
775 1054 965 1133 canticorum,
980 1073 1033 1117 nec
1046 1053 1149 1116 tabulae
1165 1055 1217 1117 sed

236 1182 251 1223 c
274 1162 415 1225 veritates.
443 1160 488 1224 Vis
508 1168 538 1223 et
557 1163 697 1243 pugilatus
723 1169 753 1226 et
774 1161 919 1223 luctatus?
943 1162 1047 1241 praestb
1070 1168 1138 1221 sunt
1157 1178 1215 1223 non

236 1285 251 1325 c
274 1284 362 1346 pauca
377 1264 473 1327 simul.
489 1265 591 1345 Aspice
604 1264 807 1346 impudicitiam
820 1264 959 1346 dejectam
969 1266 986 1327 d
997 1264 1135 1342 castitate,
1151 1282 1216 1345 pcr-

236 1389 252 1430 c
274 1370 368 1433 tidiem
393 1388 495 1432 caesam
515 1370 533 1431 d
555 1369 623 1446 tide,
645 1370 781 1431 saevitiem
806 1370 822 1429 d
844 1368 1037 1431 misericordie
1054 1376 1215 1445 contusam,
1237 1392 1243 1399 ·

238 1496 253 1536 c
275 1475 457 1557 petulantiam
471 1474 693 1539 emoderatione
704 1474 921 1537 adumbratam:
937 1480 965 1535 et
984 1473 1055 1536 tales
1065 1480 1132 1535 sunt
1142 1474 1216 1554 apud

237 1599 252 1639 c
276 1598 328 1641 nos
349 1596 467 1658 agones,
492 1579 521 1639 iu
541 1578 645 1659 quibus
659 1579 712 1659 ipsi
734 1594 917 1640 coronamur.
937 1577 986 1640 llis
1000 1585 1096 1639 autem
1110 1584 1219 1641 etsen-

239 1702 254 1742 c
277 1683 370 1762 guinis
384 1673 510 1762 aliquid‘l
524 1680 613 1742 habes
632 1678 747 1747 Christi.
769 1679 859 1752 Quale
872 1687 968 1743 autem
981 1680 1174 1761 spectaculum
1188 1680 1218 1741 in

239 1805 254 1847 c
276 1784 408 1865 proximo
424 1790 478 1860 cst,
494 1782 630 1845 adrentus
642 1783 754 1847 Domini
765 1786 827 1865 jam
841 1785 1000 1861 indubitati,
1015 1786 1074 1865 jam
1090 1784 1217 1865 superbi,

238 1908 253 1950 ‹
276 1890 337 1969 jem
351 1886 566 1968 triumphantis!
581 1906 646 1967 quae
657 1889 703 1951 ille
718 1888 852 1952 exultatio
863 1887 1046 1968 angelorum!
1058 1887 1221 1969 quaeglorie
1286 1872 1291 1881 ’

241 2012 256 2053 «
278 1988 489 2072 resurgentium
510 1994 692 2055 sanctorum!
715 1992 798 2073 quale
812 2010 932 2071 regnum
946 1992 1046 2054 exinde
1055 1992 1216 2072 justorum!

242 2116 262 2157 c
280 2094 371 2177 qualis
388 2094 483 2157 civitas
494 2113 565 2189 nova
579 2094 737 2157 ierusalem
752 2095 817 2175 (l)!
835 2117 851 2156 n
1202 2094 1207 2103 ’

276 2199 665 2263 3⁰DlthtttlrOErd1NnR11M.
681 2200 749 2263 llaec
761 2200 797 2263 ad
809 2200 972 2263 christianae
982 2199 1220 2281 plebisunirersi·

239 2310 345 2375 tatem:
364 2303 534 2367 muliebrem
550 2318 664 2385 quoquc
682 2323 792 2381 serum,
808 2306 890 2385 cujus
903 2305 972 2367 recti
985 2304 1098 2387 prarivc
1110 2322 1218 2382 mores,

113 2484 116 2489 .
238 2406 356 2488 ipseque
372 2406 496 2485 habiluS,
516 2408 628 2469 tantdm
645 2406 775 2488 exemplo
787 2407 1081 2488 etquidem-supplici
1093 2409 1219 2488 omnipo-

240 2510 1220 2593 tentitinomnesvalent,propriiinstrueredisciplinlvoluit,duos·
1263 2546 1267 2551 -

240 2626 295 2693 que
308 2616 339 2676 dc
352 2613 436 2677 Cultu
450 2616 628 2694 seminarum
642 2616 808 2695 conscripsit
821 2616 919 2694 libros,
934 2616 997 2678 illas
1011 2616 1127 2678 inimic
1134 2617 1220 2679 resti-

241 2725 400 2781 mentorum
425 2726 637 2801 omatuumque
667 2720 734 2780 luxu
765 2719 976 2781 dehortaturus.
1000 2718 1094 2781 Nolim
1123 2725 1219 2781 tanmn

241 2818 356 2899 optimae
367 2838 460 2882 causae
472 2830 620 2901 patronus,
631 2828 661 2882 et
673 2820 833 2882 tabularum
847 2820 947 2883 ilibro
956 2820 1055 2883 Enoch
1067 2822 1219 2902 depromp-

241 2928 335 2983 tarum
350 2924 527 3002 auctoritate,
543 2932 572 2987 et
585 2925 759 3004 argumentis
773 2926 817 2987 vix
828 2926 1036 2987 adolescentulo
1049 2924 1140 3003 dignis
1150 2942 1219 2987 usus

241 3030 326 3085 esset.
344 3016 505 3088 flumenin
518 3044 620 3089 aurum
635 3034 843 3110 argentumque
855 3028 966 3105 irridet,
976 3027 1135 3110 quesinihil
1144 3026 1220 3089 aliud

242 3126 300 3189 siut
313 3128 399 3209 quim
411 3135 486 3189 terro
494 3128 595 3203 scilicet
604 3130 761 3211 gloriosior,
771 3132 941 3212 quoniamiu
949 3132 1156 3204 maledictorum
1162 3151 1219 3192 otc·

244 3228 375 3292 tollerem
383 3232 512 3312 feralibus
520 3235 634 3314 officinis
641 3236 745 3315 poenoli
754 3236 1089 3316 opercdeplorclccomen
1097 3235 1220 3295 terrain

242 3336 306 3413 iprae
319 3335 442 3416 reliquit,
457 3344 536 3417 utque
547 3340 645 3401 coludi
653 3342 686 3401 dc
695 3340 837 3402 tormentis
847 3341 880 3401 io
891 3346 1063 3409 ornamento.
1075 3338 1107 3399 de
1116 3336 1221 3418 suppli·

242 3438 292 3500 ciis
303 3440 335 3500 iu
347 3440 683 3521 circumhabitarent
696 3445 727 3506 in
736 3444 851 3506 bonores
860 3444 966 3506 metalli
977 3448 1072 3525 refugo
1083 3449 1214 3512 mowino,

242 3542 307 3603 cdm
322 3544 421 3607 eadem
437 3545 535 3607 viliora
549 3546 625 3609 ferro
640 3547 740 3610 asserit
748 3594 756 3626 ,
775 3554 871 3630 utpote
885 3549 914 3609 in
928 3547 1075 3628 pauciores
1086 3542 1218 3604 vertenda

242 3642 393 3724 utilitatcs3
409 3648 475 3711 crim
488 3648 596 3729 lapillos
605 3650 682 3728 istoc,
698 3653 745 3731 pai
758 3651 1126 3736 ouromperllamjmgant
1136 3651 1219 3707 terroe

241 3748 400 3828 minutalia,
415 3760 444 3815 et
456 3755 620 3833 margarito,
631 3756 713 3816 duros
726 3757 908 3835 rotundaeque
916 3769 1043 3814 verucae
1055 3758 1217 3831 nuncupat3

242 3848 375 3933 denique,
387 3855 453 3916 cdm
469 3855 588 3937 impium
604 3856 644 3918 eit
657 3856 751 3919 albam
762 3857 868 3938 assyrio
882 3856 976 3918 lanam
990 3854 1087 3916 lucare
1097 3870 1217 3947 ueneno,

243 3968 296 4013 uec
308 3954 367 4016 llco
381 3956 493 4037 placere
506 3959 582 4038 quod
593 3958 653 4039 ipse
667 3976 724 4021 non
736 3957 912 4040 produxerit,
920 3978 974 4022 nec
980 3958 1078 4033 licere,
1089 3972 1153 4033 que
1161 3971 1219 4015 non

277 4154 312 4219 (l)
325 4157 362 4207 lle
376 4156 542 4221 Spectaculis,
557 4158 581 4220 ἓξ
596 4159 638 4223 te,
652 4161 694 4210 50.
