3200 5067
365 495 399 544 ut
656 490 697 544 ult
714 493 744 554 Q.
761 493 788 542 S.
805 490 835 542 li.
853 487 1075 542 TERTUbLlANO

369 625 384 666 ο
407 624 484 668 mam
506 607 606 685 vivam,
628 604 664 667 de
685 603 736 666 Dei
756 607 838 682 tlatu,
857 571 962 685 vdpore
983 602 1092 665 scilicet
1115 600 1219 664 idoneo
1239 610 1370 667 torrere

370 709 529 789 equodam
554 711 638 773 modo
661 711 761 772 limum
782 711 812 772 in
834 710 920 772 aliam
942 708 1118 790 qualitatem.
1136 729 1153 768 r
1173 708 1203 771 Si
1222 727 1350 788 gemmas

367 809 537 873 electissimo
547 811 669 874 insertas
682 830 764 888 auro,
783 811 973 893 perfectisque
985 810 1085 888 gladiis
1096 812 1206 891 vaginae
1219 813 1351 894 adaequas

366 914 542 994 qualitatem,
558 916 676 996 dignum
690 917 742 978 luit
754 916 812 980 [leo
824 918 928 979 animae
940 936 1000 979 sue
1013 917 1158 996 umbram,
1174 919 1291 1000 spiritus
1302 920 1350 983 sui

366 1013 465 1080 auram
493 1019 629 1086 vilissimo
659 1020 742 1082 alicui
769 1022 949 1084 committere
969 1021 1094 1102 capulo?
1124 1021 1213 1084 Tanta
1235 1039 1350 1102 quoquc

366 1122 515 1203 utriusque
527 1123 692 1186 substantie
708 1127 853 1188 concretio
865 1125 938 1188 lacta
952 1132 1006 1203 cst,
1022 1132 1055 1187 ut
1072 1120 1214 1187 incertum
1234 1125 1272 1187 sit
1286 1134 1350 1187 utra

365 1225 422 1286 utri
437 1225 610 1305 dominetur,
632 1228 683 1288 nisi
705 1228 799 1290 anima
820 1228 928 1310 primas
952 1228 1081 1293 obtinere
1099 1231 1242 1292 censenda
1255 1231 1303 1307 sit,
1318 1239 1351 1292 nt

368 1336 434 1410 pote
455 1329 513 1392 Deo
528 1331 663 1412 propior:
683 1331 758 1395 unde
772 1332 857 1394 etiam
871 1332 972 1411 ingens
991 1332 1070 1394 carni
1094 1333 1183 1411 gloria
1196 1334 1347 1411 redundat,

369 1451 433 1513 quae
447 1435 604 1515 proximam
618 1435 676 1497 Deo
697 1437 850 1514 contineat,
872 1437 969 1518 illique
981 1437 1077 1498 omnia
1090 1437 1232 1518 subjiciat,
1250 1455 1350 1499 ncces-

368 1540 475 1601 sarinm
490 1547 628 1621 praestans
650 1541 858 1603 ministerium:
878 1541 1018 1622 siquidem
1036 1540 1148 1603 nullum
1168 1541 1273 1604 animae
1286 1542 1349 1604 oid

369 1641 445 1704 cium
469 1661 526 1705 non
545 1662 597 1724 per
613 1662 728 1707 carnem
752 1645 937 1726 adimpletor,
953 1663 1018 1726 quae
1035 1661 1189 1721 sensuum,
1205 1644 1330 1725 loquelae
1338 1692 1346 1721 ‚
1425 1683 1429 1690 -

369 1747 486 1826 artium,
502 1748 681 1811 dominatrici
693 1767 754 1810 suae
770 1748 880 1829 praebet
896 1747 1059 1811 faculatem
1075 1766 1083 1806 :
1098 1746 1139 1808 ita
1152 1765 1218 1809 caro
1231 1766 1349 1810 consors

370 1859 399 1913 et
422 1853 550 1915 cohaeres
573 1853 676 1915 animae
697 1853 856 1914 invenitur:
880 1852 903 1913 si
929 1850 1143 1932 temporalium,
1168 1859 1221 1912 'cur
1241 1869 1299 1913 non
1321 1859 1351 1913 ct

369 1956 565 2019 aeternomm‘l
578 1993 619 2002 -
632 1955 669 2018 Ut
682 1957 718 2019 ad
731 1965 828 2019 nostra
849 1964 1039 2032 transeamus,
1060 1974 1076 2014 ο
1093 1954 1160 2015 crim
1179 1954 1275 2015 anima
1289 1954 1348 2018 Ilco

372 2080 387 2121 a
410 2061 560 2140 adlegitur,
578 2061 639 2141 ipsa
653 2061 744 2140 (caro)
757 2069 801 2122 est
813 2079 876 2141 quae
890 2059 977 2122 efficit
992 2066 1024 2120 ut
1036 2058 1129 2124 anima
1144 2059 1237 2138 adlegi
1249 2061 1347 2142 possit.

372 2185 387 2226 ο
409 2165 521 2230 Scilicet
536 2184 603 2228 caro
621 2164 757 2241 abluitur,
777 2171 809 2225 ut
825 2164 919 2225 anima
936 2163 1121 2224 emaculetur.
1140 2160 1212 2225 Caro
1229 2182 1349 2245 corpore

371 2290 386 2331 ‹
410 2278 439 2330 et
455 2270 591 2347 sanguine
614 2268 716 2330 Christi
738 2266 869 2346 vescitur,
894 2275 928 2329 ut
940 2267 1035 2328 anima
1057 2267 1094 2328 de
1110 2266 1169 2329 Deo
1190 2268 1346 2346 saginetur.

371 2392 387 2433 ο
409 2372 551 2436 sacrificia
569 2372 627 2436 Ileo
648 2380 738 2452 grata,
760 2373 983 2435 conflictationes
995 2372 1108 2450 animae,
1121 2371 1240 2452 jejunia,
1257 2379 1285 2434 ct
1297 2373 1349 2435 ad-

371 2495 385 2536 ο
407 2475 539 2557 perdices
562 2476 647 2556 hujus
664 2476 748 2538 officii
770 2476 879 2553 sordes,
895 2496 962 2538 caro
982 2476 1018 2538 de
1032 2477 1148 2559 proprio
1170 2495 1223 2539 suo
1238 2478 1349 2545 incom·

369 2602 384 2642 ο
407 2580 493 2642 modo
508 2580 655 2642 instaurat.
677 2579 831 2658 Virginitas
845 2598 960 2660 quoquc
980 2588 1009 2642 et
1024 2580 1155 2657 viduitas,
1177 2587 1207 2641 ct
1220 2581 1348 2644 modesta

369 2707 392 2746 ο
407 2684 437 2747 in
452 2684 563 2748 occulto
578 2684 752 2747 matrimonii
775 2684 974 2762 dissimulatio,
988 2692 1018 2746 et
1034 2703 1093 2746 una
1113 2685 1211 2747 notitia
1223 2686 1298 2765 ejus,
1312 2687 1349 2749 de

369 2809 384 2850 a
407 2789 500 2851 carnis
523 2789 605 2851 bonis
620 2789 678 2852 Deo
696 2789 856 2851 adolentur.
878 2788 940 2866 Age
955 2790 1028 2868 jam,
1050 2788 1118 2868 quid
1138 2788 1174 2849 de
1195 2789 1227 2849 ea
1248 2789 1346 2866 scutis,
1373 2838 1379 2848 .

368 2915 384 2957 ο
406 2897 472 2958 cum
487 2915 539 2978 pro
553 2896 676 2959 nominis
689 2896 746 2957 fide
764 2895 825 2976 ipsa
839 2895 868 2955 in
882 2894 1044 2956 carceribus
1065 2899 1237 2969 maceratur,
1259 2900 1349 2956 teter·

368 3001 478 3063 «rimo
498 3001 568 3062 lucis
591 3001 690 3077 exilio,
715 2999 834 3080 penuria
855 2997 971 3074 mundi,
995 2997 1138 3078 squalore,
1161 2999 1286 3078 paedore,
1312 3017 1348 3060 ne

368 3124 383 3166 c
404 3123 505 3167 somno
518 3105 630 3186 quidem
645 3105 748 3181 libera;
764 3122 853 3184 quum
861 3104 936 3183 jam,
951 3108 980 3164 et
992 3102 1023 3162 iu
1036 3103 1109 3179 luce,
1122 3103 1201 3164 omni
1215 3111 1345 3166 tormen-

366 3227 382 3270 «
405 3217 566 3270 mentorum
581 3208 788 3272 machinatione
807 3207 940 3283 laniatur,
958 3225 1048 3288 quum
1064 3206 1186 3288 denique
1201 3208 1347 3290 suppliciis

368 3337 383 3380 ο
406 3324 550 3396 erogatur,
568 3319 645 3379 enisa
659 3318 779 3380 reddere
793 3315 904 3380 Christo
925 3316 1027 3392 ocem,
1043 3312 1191 3376 moriendo
1207 3331 1260 3394 pro
1274 3311 1347 3392 ipso,

368 3445 383 3485 ο
406 3431 435 3484 et
457 3419 571 3503 quidem
593 3440 645 3503 por
660 3421 789 3483 eamdem
811 3438 926 3483 cmoem
940 3419 1038 3500 saepd‘l
1052 3418 1157 3497 lgitur,
1174 3435 1259 3497 quam
1274 3413 1349 3478 Deus

369 3548 384 3589 ‹
406 3525 538 3588 manibus
551 3525 609 3585 suis
623 3524 658 3586 ad
672 3524 824 3603 imaginem
838 3522 890 3584 llei
900 3523 1012 3599 struxit,
1026 3519 1161 3602 quamde
1175 3537 1228 3580 suo
1243 3517 1348 3579 adllatu

369 3651 385 3692 ο
407 3631 443 3694 ad
464 3629 677 3692 similitudinem
698 3647 757 3690 suaa
770 3627 921 3690 vivacitatis
935 3626 1084 3703 animarit,
1100 3642 1185 3705 quam
1199 3621 1346 3698 incolatui,

368 3756 383 3796 ο
405 3735 519 3812 fructui,
535 3733 692 3798 dominatui
706 3733 791 3796 totius
806 3746 865 3794 suae
885 3730 1060 3812 operationis
1077 3725 1348 3809 praeposuit,·quam

370 3861 386 3902 ο
407 3841 589 3904 sacramentis
612 3839 672 3901 suis
696 3835 906 3919 disciplinisque
930 3833 1061 3910 vestivit,
1086 3833 1169 3912 cujus
1195 3828 1348 3891 munditias

369 3965 385 4006 ο
406 3951 493 4022 amat,
516 3946 597 4024 cujus
619 3941 816 4020 castigationes
836 3939 948 4020 probat,
970 3939 1053 4019 cujus
1065 3936 1217 4087 passiones
1229 3933 1282 3995 sibi
1296 3933 1349 3994 ad·

369 4068 384 4109 ‹
406 4049 524 4131 preciat,
544 4046 669 4110 haeccine
682 4064 740 4108 non
758 4049 900 4122 resurget,
917 4040 1000 4106 toties
1014 4040 1081 4104 Dei.
1099 4038 1193 4116 Absit,
1213 4035 1298 4113 absit,
1317 4042 1349 4097 ut

369 4173 384 4214 ο
405 4153 480 4218 Deus
494 4169 631 4216 manuum
647 4166 764 4212 suarum
779 4165 908 4230 operam,
923 4144 1030 4226 ingenii
1043 4143 1087 4208 sui
1102 4159 1213 4221 curam,
1229 4140 1349 4204 adllatits

693 4347 702 4378 b
