3200 5067
390 488 424 541 tl
668 484 709 535 ult
728 484 758 546 Q.
776 483 804 533 S.
822 482 849 533 F.
868 478 1089 533 rtnwtultuu

392 599 594 683 «operando,
617 595 793 659 sustinendo.
820 594 866 657 Sic
888 593 964 655 enim
987 580 1049 673 ipse
1072 587 1286 671 pronunciavit,
1312 605 1372 649 aun

390 726 408 767 c
429 722 524 782 suam,
539 702 591 767 sed
609 699 700 763 Patris
714 700 808 763 lacere
819 716 851 760 se
866 698 1050 761 veluntatem.
1065 694 1132 757 Sine
1144 692 1233 756 dubie
1245 709 1310 772 qua
1326 691 1341 752 l
1358 696 1376 739 -·

391 830 406 875 c
430 810 532 888 ciebat,
548 826 581 871 ea
596 812 678 870 erant
690 804 820 869 uoluntas
834 802 937 881 Patris,
956 802 994 865 ad
1010 818 1075 883 qum
1088 816 1166 863 nunc
1181 814 1235 860 nes
1246 796 1325 859 uelut
1336 796 1374 859 nd

391 936 407 979 ι
429 914 601 997 exemplaria
620 927 822 995 provocamur,
842 916 875 973 ut
895 916 924 972 ct
939 906 1137 990 predicemus,
1157 910 1187 965 ct
1205 919 1370 984 operemur,

315 1066 318 1071 -
390 1039 405 1084 c
428 1029 457 1084 et
476 1020 668 1083 sustineamus
687 1016 723 1079 ad
744 1022 869 1079 mortem
887 1031 991 1096 usque.
1015 1012 1087 1087 Qun
1100 1016 1133 1073 ut
1147 1006 1268 1088 implere
1280 1004 1371 1088 possi·

390 1146 406 1187 c
427 1112 1302 1204 mus‚opusestlleiveluntateltcm,dicentes‚fiatucluatuc
1311 1119 1367 1180 tua,

390 1250 406 1291 c
427 1229 470 1291 uel
485 1246 519 1291 ee
533 1226 615 1289 nubis
627 1227 702 1289 bene
714 1233 859 1307 optamus,
873 1224 951 1307 qudd
961 1222 1029 1285 nihil
1040 1221 1109 1289 mali
1120 1218 1198 1281 sitin
1208 1218 1260 1281 llei
1272 1218 1371 1279 vulun-

364 1412 366 1417 .
392 1355 407 1397 t
429 1340 498 1412 tate,
517 1332 602 1395 ctiam
625 1330 648 1393 si
668 1329 736 1411 quid
759 1346 812 1410 pru
832 1328 941 1391 meritis
960 1329 1099 1409 cuiusque
1117 1324 1202 1387 secus
1216 1322 1369 1401 inrogatur.

391 1454 406 1499 c
427 1435 492 1499 lam
512 1435 568 1497 hec
587 1432 661 1495 dictu
680 1430 716 1493 ad
732 1429 927 1493 sufferentiam
940 1427 1131 1508 nosmetipsos
1148 1444 1368 1507 praemonemus.

390 1561 407 1603 c
428 1540 565 1604 Dominus
586 1556 711 1620 quoque,
734 1538 814 1614 cim,
834 1534 889 1599 sub
902 1533 1067 1597 instantiam
1081 1530 1233 1616 passionis,
1246 1530 1371 1593 infirmi·

389 1664 404 1705 t
426 1649 511 1705 tatem
528 1641 621 1703 carnis
634 1640 902 1720 demonstraremus
917 1638 948 1699 in
966 1640 1019 1701 sut
1033 1651 1120 1699 carne
1137 1634 1295 1699 voluisset:
1311 1636 1369 1699 Pc-

390 1766 406 1809 t
428 1756 479 1820 ter,
489 1746 596 1829 inquit,
612 1748 733 1826 transfer
744 1744 874 1825 poculum
886 1744 969 1805 istud.
987 1741 1023 1805 m
1036 1742 1204 1807 recordatus
1215 1761 1223 1803 ι
1236 1743 1291 1805 nisi
1300 1743 1370 1824 quid

390 1874 406 1915 c
427 1872 488 1915 mec
500 1872 565 1923 aon,
580 1852 625 1913 ced
638 1858 685 1913 tau
697 1852 748 1931 fiat
759 1850 896 1911 voluama.
911 1849 976 1931 lpse
990 1855 1053 1911 erat
1064 1847 1195 1911 uoluntas
1204 1853 1234 1909 et
1243 1853 1369 1930 potestas

390 1977 405 2019 t
427 1957 526 2040 patris,
550 1964 703 2035 ettamen,
726 1955 762 2018 ad
777 1954 1049 2019 demonstrationem
1069 1952 1241 2015 sufferentiae
1254 1952 1369 2030 debitae,

391 2084 407 2127 t
427 2065 564 2129 voluntati
577 2081 608 2125 se
622 2062 711 2144 patris
725 2062 840 2127 tradidit
854 2063 915 2144 (1).
932 2082 948 2125 r

427 2170 512 2232 Libro
526 2170 558 2231 dc
568 2169 705 2249 patientie
717 2169 803 2249 paulli
814 2168 920 2232 diutius
938 2167 1088 2231 immomri
1100 2185 1159 2230 nun
1171 2167 1272 2229 inutile
1284 2166 1371 2229 luerit

388 2281 421 2335 ut
432 2274 614 2337 ostendamus
625 2273 739 2355 qualem
752 2275 875 2338 sormam
886 2273 1023 2352 materie,
1034 2273 1101 2336 culm
1110 2272 1147 2335 ab
1160 2270 1295 2336 omnibus
1305 2270 1371 2352 phi·

389 2380 525 2461 losephis,
539 2379 602 2443 tdm
613 2379 850 2443 studiosissimea
863 2381 977 2460 Stoicis,
993 2386 1184 2463 pertractatae,
1196 2374 1370 2437 cluistianus

388 2480 480 2563 opiter
493 2480 627 2545 induerit.
642 2480 733 2545 Nemo
748 2482 825 2545 enim
840 2476 931 2547 nescit
942 2496 978 2564 τῷ
992 2490 1085 2564 ἀνέχου
1098 2489 1189 2545 tutam
1204 2481 1265 2544 lere
1274 2480 1371 2543 Porti·

388 2586 440 2648 cds
451 2586 628 2667 disciplinam
642 2587 856 2668 comprehendi,
871 2589 1070 2671 principesque
1082 2588 1169 2669 hujus
1181 2592 1278 2664 sectas,
1292 2585 1371 2647 nulla

387 2689 422 2751 in
431 2708 463 2753 re
477 2692 567 2771 magis
579 2692 665 2772 quam
680 2691 708 2755 in
722 2692 869 2757 tolerando
882 2694 993 2772 dolore,
1007 2694 1184 2773 fortunaque
1194 2690 1298 2753 ictibus
1310 2690 1371 2753 lur-

386 2794 452 2858 liter
464 2797 647 2879 excipiendis,
658 2817 721 2862 sese
731 2800 901 2863 exercuisse.
912 2799 1016 2861 Extant
1027 2799 1080 2863 tcti
1089 2798 1205 2861 Senem
1211 2796 1288 2875 libri,
1298 2815 1371 2877 ques

386 2900 417 2961 dc
434 2902 569 2982 patientie
590 2904 712 2985 scriptos
726 2904 833 2985 optimc
846 2903 941 2982 dices,
956 2904 986 2965 iu
1000 2902 1105 2984 quibus
1117 2901 1200 2981 nihil,
1215 2902 1292 2983 qued
1305 2902 1371 2984 qui-

384 3007 450 3069 dem
466 3008 578 3071 ethnica
594 3010 719 3092 praebeat
739 3009 932 3092 philosophia,
959 3009 1069 3072 ridetur
1091 3010 1241 3072 emissum.
1263 3008 1304 3071 Ex
1324 3008 1384 3071 his-

385 3111 541 3175 doctrinam
565 3114 767 3195 philosophicae
787 3112 932 3195 patientiae
945 3112 1111 3177 hauriemus
1131 3130 1198 3175 cum
1219 3112 1370 3187 christianin

386 3215 520 3294 patientia
535 3215 744 3297 comparanda.

425 3318 563 3399 Equidem
581 3318 720 3383 Annaeum
738 3320 768 3382 in
787 3323 885 3385 multis
903 3323 1039 3406 Septimio
1060 3329 1195 3406 presure
1208 3340 1267 3385 non
1281 3338 1371 3401 nega·

383 3420 486 3483 verim.
509 3422 593 3502 Nam,
615 3426 703 3505 quum
724 3432 845 3509 uterque
859 3419 1051 3500 restauretur,
1071 3429 1156 3508 longi
1170 3427 1310 3491 deteriore
1323 3426 1370 3490 hic

386 3526 472 3606 quim
486 3526 534 3589 ille
547 3529 688 3593 rhetorica
701 3532 801 3595 utitur.
817 3532 862 3595 Nil
874 3535 988 3599 Seneca
1004 3534 1077 3598 uitiis
1090 3533 1213 3613 dulcius,
1228 3532 1288 3616 qui,
1302 3533 1369 3596 culm

386 3632 422 3695 ab
443 3632 501 3713 illa,
523 3636 661 3717 quamin
684 3637 775 3701 Tullio
796 3640 948 3720 miramur,
969 3642 1118 3721 gravitate,
1135 3640 1371 3723 simplicitateque

385 3737 497 3801 dicendi
510 3741 594 3821 absit,
612 3731 745 3809 omnibus
759 3752 855 3810 tamen
868 3748 1012 3811 sermonis
1034 3747 1137 3811 dillluit
1149 3746 1309 3826 elegantiis,
1322 3752 1370 3807 at-

385 3862 441 3925 que
450 3845 489 3907 ital
498 3846 617 3926 legentis
626 3848 747 3913 oblectat
760 3849 900 3928 animum,
916 3857 946 3912 ut
953 3849 1100 3931 judicandi
1111 3848 1192 3913 tollat
1204 3848 1366 3913 arbitrium.

417 4050 450 4118 (l)
467 4050 504 4103 De
517 4046 599 4113 Orci„
613 4052 625 4113 §
639 4052 665 4105 5..
