3200 5067
489 487 672 541 opuseulum
689 491 949 550 rnlnosorntettn.
1168 509 1217 559 tls

236 613 300 677 spes
320 597 447 658 exoritur
460 597 510 660 nei
528 599 615 680 ipsius
633 604 695 684 iam
724 622 781 668 non
804 628 855 688 per
876 612 1014 690 ementem
1035 624 1061 675 et
1081 617 1113 677 in
1127 620 1217 698 enipss

235 709 314 771 mate,
334 701 385 765 sed
400 721 416 762 u
430 704 501 782 lucie
515 706 550 766 ud
567 707 677 787 faeiem,
698 711 779 772 eunti
793 722 841 783 est,
867 717 1069 797 conspiciendi.
1084 720 1177 802 Nunc,
1192 727 1217 786 si

233 823 331 883 roges:

382 978 447 1039 Quid
460 978 565 1058 dignum
579 987 649 1034 tauto
663 984 729 1036 ferat
741 987 783 1036 llic
797 989 938 1051 promissor
952 992 1043 1043 hiatu?

235 1163 418 1242 paucissima,
431 1175 461 1227 el
474 1183 508 1228 ea
521 1167 632 1230 minimi
646 1173 785 1233 momenti
798 1174 938 1238 inuenies:

275 1269 305 1326 10
318 1267 496 1346 Fugiendum
509 1271 537 1330 in
547 1275 745 1351 persecutione
759 1296 816 1351 non
831 1302 910 1364 esse3

275 1372 305 1426 2⁰
318 1369 380 1431 Non
394 1371 518 1435 dandum
531 1374 751 1442 fornicatoribus
765 1386 920 1463 poenitendi
932 1391 1042 1471 locum3
1093 1434 1096 1441 =

276 1475 306 1531 30
320 1473 465 1538 Secundus
475 1479 589 1560 nuptias
604 1483 695 1563 stupri
707 1484 770 1547 loco
783 1487 945 1569 habendes,

273 1579 305 1636 [ιο
318 1576 395 1646 Nora
407 1580 531 1660 jejunio,
551 1583 756 1665 Xerophagias,
782 1592 930 1673 stationes,
954 1596 1106 1676 Catholicae
1126 1603 1213 1666 disci·
1296 1667 1299 1672 .

236 1681 319 1762 plinae
328 1681 455 1746 addenda
467 1705 540 1750 esse.
1160 1725 1164 1732 ·

272 1787 366 1852 Habes
380 1798 468 1854 totam
484 1793 664 1857 llontanismi
678 1796 818 1858 sormam:
840 1807 869 1860 et
885 1819 964 1864 nunc
981 1811 1134 1886 pronuntia
1149 1819 1213 1874 tan-

234 1892 291 1957 tine
305 1893 441 1976 Septimio
465 1898 551 1961 luerit
564 1907 691 1963 veterem
715 1901 841 1980 laudem,
857 1911 900 1966 tot
920 1916 1033 1986 partam
1054 1913 1212 1993 laboribus,

234 1998 364 2077 perdere,
381 2006 527 2082 totamque
541 2002 605 2065 uitae
616 2004 809 2067 antecedentis
822 2008 991 2071 sententiam
1000 2029 1149 2092 respuere.

272 2099 340 2163 Utut
354 2108 409 2179 est,
425 2102 486 2164 haec
500 2104 595 2167 omnia
610 2105 712 2188 Noster
726 2108 876 2190 amplexus
892 2119 947 2190 est,
968 2115 1136 2200 singulaque
1153 2121 1211 2183 sin-

233 2205 304 2284 gulis
317 2206 397 2270 libris
415 2211 615 2290 propugnavit.
632 2211 710 2286 Quos
730 2215 766 2291 si,
781 2215 878 2276 animo
900 2225 1031 2281 neutram
1052 2221 1081 2282 in
1094 2229 1212 2287 senten-

233 2297 299 2371 tiam
323 2318 468 2390 uergente,
486 2313 638 2393 perlegas,
660 2315 827 2396 Septimium
844 2319 958 2398 quidem
979 2339 1137 2403 agnosces,
1161 2329 1212 2394 sed
1292 2358 1296 2364 ·

231 2419 370 2475 mutatum
382 2414 543 2477 miraberis.
555 2416 616 2478 Non
624 2416 709 2480 iidem
717 2427 784 2481 sunt
799 2421 993 2501 quisolebant
1006 2427 1068 2506 ejus
1076 2427 1212 2510 eloquen-

232 2516 275 2578 tiae
291 2519 382 2595 nervi,
397 2536 556 2600 pravasque
572 2507 723 2602 opiniones
745 2523 892 2603 pej0ribus
914 2526 1040 2590 defendit
1057 2549 1212 2610 argumen-

231 2619 276 2697 tis,
289 2640 325 2682 ne
339 2622 462 2710 speeiem
476 2623 592 2704 quidem
609 2623 735 2686 veritatis
748 2643 809 2706 prae
818 2646 858 2690 se
874 2629 1049 2710 ferentibus3
1066 2642 1099 2695 ut
1111 2637 1210 2700 credas
1296 2721 1299 2726 ,

229 2724 376 2788 ueritatem
391 2727 406 2786 a
424 2727 570 2804 desertore
590 2747 643 2790 suo
669 2729 781 2808 exigere
803 2749 914 2810 poenas,
938 2734 1012 2794 dum
1025 2735 1104 2797 illum
1128 2743 1209 2819 quasi

230 2829 320 2907 capite
342 2828 456 2902 minuit,
478 2837 506 2891 et
528 2833 644 2912 proprio
668 2833 743 2913 cogit
766 2833 880 2911 ingenio
903 2853 1065 2914 superesse.
1090 2839 1210 2912 Quodsi

230 2931 292 3010 quis
309 2951 325 2992 u
341 2933 411 2994 vane
424 2934 689 3018 inconsiderateque
710 2935 915 2999 scandalizetur
928 2937 1005 3016 quod
1023 2941 1133 3001 tantum
1147 2944 1212 3021 Ιιω·Ι

230 3053 246 3094 u
267 3051 347 3097 reses
359 3035 483 3114 valeant,
499 3045 531 3100 ut
542 3039 590 3118 ille
605 3039 798 3118 fidelissimus
815 3039 1064 3120 prudentissimus,
1078 3050 1107 3106 et
1121 3045 1210 3109 usita-

231 3157 246 3198 u
269 3137 438 3201 tissimusin
456 3139 582 3206 Ecclesia
597 3142 627 3204 in
644 3144 722 3206 illam
743 3149 853 3224 partem
874 3143 1018 3207 tredsierit
1037 3146 1098 3226 (l),
1114 3174 1130 3204 s
1147 3148 1208 3230 ipse

228 3243 409 3325 respondebit
420 3244 583 3326 Septimius,
598 3247 633 3308 de
645 3265 676 3308 se
689 3246 784 3308 lerens
796 3246 979 3323 sententiam,
996 3267 1011 3309 o
1030 3266 1123 3329 neque
1136 3269 1208 3331 pru·

231 3365 246 3407 u
268 3347 379 3425 dentes,
393 3351 486 3429 neque
501 3349 610 3427 fideles,
625 3367 719 3430 neque
733 3349 849 3411 usitatos
860 3350 1051 3430 aestimandos,
1065 3372 1137 3434 quos
1150 3355 1209 3419 hae-

230 3470 245 3513 o
267 3469 346 3514 reses
359 3453 506 3534 potuerint
530 3452 693 3530 demutare,
710 3470 762 3515 nee
784 3452 889 3515 mirum
906 3462 947 3516 ut·
959 3455 1095 3538 probatus
1108 3457 1209 3540 aliquis

229 3575 248 3616 a
268 3551 347 3617 retro
360 3557 465 3636 postea.
474 3556 593 3636 excidat.
610 3553 677 3619 Saul
691 3553 783 3619 bonus
797 3575 858 3638 pree
871 3560 997 3637 caeteris3
1012 3561 1100 3623 livore
1110 3567 1207 3642 posted

228 3677 244 3718 a
268 3659 416 3720 evertitur.
431 3658 519 3720 Dauid
537 3659 580 3719 vir
600 3659 693 3722 bonus
715 3662 873 3723 secunddm
890 3680 940 3725 cor
961 3663 1087 3740 Domini3
1110 3668 1207 3745 posted

228 3777 243 3819 a
269 3761 352 3824 caedis
367 3769 396 3823 et
409 3763 500 3843 stupri
514 3779 580 3827 reus
595 3767 649 3824 e'st.
667 3763 740 3836 Quid
754 3763 842 3840 ergo?
856 3765 880 3825 si
894 3764 1055 3846 episeopus,
1072 3767 1097 3828 si
1108 3766 1206 3839 diaco-

230 3879 245 3918 u
268 3880 335 3938 nus,
351 3862 374 3923 si
388 3864 482 3940 vidua,
503 3865 526 3926 si
539 3864 631 3943 uirgo,
646 3865 671 3926 si
689 3853 800 3944 doctor,
816 3866 840 3928 si
860 3867 946 3930 etiam
960 3877 1068 3951 martyr
1080 3871 1176 3952 lapsus
1189 3873 1205 3932 a

261 4108 296 4175 (l)
311 4111 347 4162 lle
361 4111 495 4174 Proscript.
507 4113 606 4174 neren,
624 4113 635 4175 g
651 4115 675 4163 5.
