3200 5067
652 354 842 407 anomalum
1088 309 1093 313 ⁴
1222 369 1249 408 rx
1295 363 1305 387 ⁴

264 467 400 549 Septimio
415 467 526 547 dignior
541 467 589 549 qui
603 464 735 531 Nationes
748 458 929 547 adloquatur.
945 466 1092 531 Enodandi
1102 468 1248 532 haeretico·

263 613 329 659 rum
347 596 461 677 laquei‘t
483 594 649 675 Septimius,
672 594 787 657 mutatis
800 612 853 676 pro
868 594 1097 658 adversariorum
1114 596 1248 677 qualitate

207 760 211 764 ·
263 724 364 802 armis,
380 741 458 785 nunc
471 722 598 802 singulos
611 714 771 801 retinuere,
784 740 863 784 nunc
875 721 1023 784 uniuersos
1035 701 1102 784 ante
1114 723 1248 787 mumis-

262 851 428 915 samaciem
442 850 541 931 fugare
555 849 690 913 cernitur.
707 849 917 913 Providendum
930 868 965 913 ac
978 849 1195 932 praecavendum
1210 869 1248 915 ne

263 978 450 1060 simpliciores
470 978 674 1042 curiosioresve
700 977 827 1041 fidelium
842 977 934 1040 animi⁴
946 996 999 1060 per
1011 978 1168 1061 humanam
1182 976 1247 1059 phi-

261 1106 420 1188 losophiam
443 1104 640 1187 decipiantur?
661 1106 713 1171 has
733 1123 847 1187 quoque
871 1112 978 1188 partes,
994 1105 1140 1169 communi
1161 1104 1245 1187 quasi

262 1251 415 1312 consensu,
436 1232 589 1316 Septimius
612 1232 752 1315 implebit.
770 1232 1005 1297 .Christianorum
1025 1252 1132 1313 mores,
1156 1240 1207 1297 aut
1228 1253 1246 1297 a

260 1362 391 1426 vitiorum
404 1363 534 1442 contagio
552 1380 604 1444 per
618 1361 696 1444 pacis
717 1362 774 1425 otia
794 1361 936 1439 seruandi,
951 1360 1007 1441 aut:
1022 1361 1059 1424 ad
1072 1360 1138 1423 fidei
1152 1367 1246 1425 certa·

260 1491 337 1553 mina
359 1490 469 1553 fortiter
489 1490 612 1553 ineunda
633 1489 781 1570 erigendi‘.l
803 1489 971 1571 Septimium
994 1495 1023 1551 et
1044 1489 1197 1552 auctoritas
1217 1497 1247 1553 et

260 1618 339 1700 copia
353 1618 466 1682 dicendi
475 1618 530 1680 -tali
543 1618 700 1680 ministerio
722 1616 830 1679 faciunt
847 1617 1035 1698 aptissimum.
1052 1617 1180 1700 Denique
1200 1617 1245 1679 vix

262 1766 350 1810 unum
363 1748 438 1809 iuter
450 1754 493 1810 tot
504 1746 581 1809 illius
595 1746 733 1828 temporis
745 1762 859 1808 emores
871 1746 1010 1827 reperias,
1023 1747 1072 1830 qui
1085 1746 1245 1809 christiana

261 1876 397 1939 doctrinae
417 1874 570 1954 integritati
592 1873 755 1952 imminens,
775 1873 869 1956 prima
881 1873 912 1935 in
931 1874 991 1936 acie
1003 1873 1170 1956 Septimium
1191 1873 1246 1935 sibi

261 2022 318 2067 non
332 2002 470 2066 inuenerit
483 2002 687 2066 adversarium.
705 2002 770 2081 Qui,
786 2009 949 2083 postquam,
965 2009 997 2063 ut
1010 2008 1106 2064 custos
1119 2000 1195 2080 vigil,
1210 2019 1245 2063 ex

260 2140 325 2195 a'roe
338 2133 449 2195 summai
461 2130 609 2197 indefessis
621 2130 712 2226 oculis
725 2130 821 2193 omnia
831 2130 1045 2211 circumspexit,
1056 2148 1106 2208 oe,
1120 2128 1244 2213 siquam

259 2261 333 2323 lortd
346 2268 458 2343 partem
479 2260 646 2339 neglexerit,
665 2260 712 2321 illa
727 2259 817 2323 hostis
829 2260 904 2323 adsit
916 2258 1098 2341 improuisus,
1111 2258 1244 2322 acerrimi

259 2388 352 2452 officio
365 2388 464 2451 militis
477 2390 612 2454 continuo
625 2389 763 2470 iungitur,
779 2390 858 2451 tanta
867 2388 1046 2452 vehementid
1056 2386 1184 2467 singulos
1196 2405 1244 2449 ur·

172 2504 178 2519 ”
258 2534 338 2596 gene,
363 2524 395 2579 ut
415 2518 445 2579 in
460 2532 517 2580 uno
531 2517 702 2581 debellando
721 2517 794 2580 vires
807 2535 956 2598 aemmque
969 2522 1190 2597 consumpturus
1204 2516 1244 2578 vi-

258 2643 368 2723 deatur,
386 2648 521 2727 tantaque
535 2646 695 2725 uelocitate,
710 2646 765 2709 elio
780 2652 936 2728 prostrato,
951 2646 982 2707 in
991 2645 1079 2707 alium
1092 2662 1193 2723 ruens,
1211 2649 1244 2705 ut

258 2772 492 2852 pluribussimul
512 2773 542 2835 in
562 2774 633 2836 locis
654 2773 777 2855 praeliari
794 2773 938 2852 videatur3
953 2792 991 2836 ne
1005 2774 1099 2855 plura,
1114 2772 1241 2851 easdem,

259 2899 301 2962 CC
321 2908 385 2981 post
404 2900 548 2963 Christum
567 2902 661 2979 sanie,
676 2907 772 2981 partes
787 2918 957 2981 exsequens,
972 2918 1057 2981 quas,
1071 2898 1244 2981 splendidius

259 3028 394 3109 quidem,
416 3029 468 3091 sed
488 3028 658 3091 secundiore
680 3033 869 3109 tempestate,
897 3026 1063 3093 Bossuetius
1083 3025 1244 3110 implevisse

260 3157 434 3235 agnoscitur.
599 3139 602 3145 ¹

297 3282 360 3348 Hoc
373 3285 409 3349 de
420 3284 555 3367 Septimio
566 3285 706 3367 judicium
718 3304 776 3350 non
789 3286 896 3368 posteri
906 3291 1028 3365 tantum,
1040 3285 1091 3348 sed
1104 3290 1164 3348 tota
1177 3282 1243 3347 tulit

259 3412 421 3495 antiquitas,
438 3414 530 3496 cujus,
546 3414 620 3477 inter
631 3415 737 3477 multos
751 3414 833 3494 alios,
855 3414 1020 3477 Vincentius
1033 3414 1187 3480 Lirinensis
1207 3414 1242 3478 fi-

259 3541 418 3606 delissimus
441 3542 564 3627 extitisse
589 3544 700 3607 videtur
722 3543 888 3626 interpres:
915 3564 931 3607 a
955 3543 1145 3607 Tertullianus
1164 3544 1241 3624 apud

260 3688 275 3732 t
297 3669 411 3745 Latinos
429 3678 595 3735 nostrorum
610 3673 737 3735 omnium
752 3673 834 3737 facile
847 3673 984 3756 princeps
997 3671 1169 3754 judicandus
1181 3677 1239 3735 est.

262 3816 277 3858 o
296 3797 372 3877 Quid
384 3798 460 3861 enim
473 3799 528 3861 hoc
541 3799 601 3862 uiro
615 3800 748 3864 dachus?
763 3802 836 3875 Quid
850 3801 880 3863 in
894 3800 995 3863 divinis
1009 3806 1094 3882 atque
1108 3798 1241 3862 humanis
1284 3809 1286 3816 ’

242 4003 247 4017 ¹
261 3944 277 3985 a
299 3924 384 3989 rebus
398 3927 714 4010 exercitatius‘tNempe
726 3946 842 3992 omnem
855 3929 1076 4012 philosophiam,
1087 3934 1116 3992 et
1125 3933 1240 3991 cunctas
