3200 5067
488 501 673 558 densentur!
689 501 950 555 rflltosorlttctttt.
1182 510 1215 559 85

234 632 269 676 eo
283 633 342 696 quo
363 613 447 678 uelim
462 613 552 676 animi
569 613 693 676 candore
713 632 883 692 agnoscens.
897 614 989 677 Nemo
1003 618 1081 680 enim
1097 617 1215 702 prophis

234 720 353 782 Platone
372 720 409 780 ad
427 717 610 780 christianam
631 719 724 782 lucem
746 719 879 797 aecmsit,
894 721 1043 802 multaque
1062 732 1130 786 suut
1151 726 1215 805 ejus

234 823 547 906 quihusseoerissimus
567 822 688 903 qusque
710 823 860 902 theologus
881 823 1066 887 libentissime
1079 829 1216 890 assentia-

236 937 294 991 tur.
312 927 394 990 Nullo
409 927 494 988 etiarn
516 943 595 988 nunc
616 926 774 1006 expeditior
796 928 833 990 nd
853 927 944 990 ileum
958 928 1004 990 rie
1022 929 1126 992 radoni
1139 938 1218 1012 putet

236 1032 320 1110 quim
340 1047 392 1110 per
405 1028 531 1092 Platonis
551 1027 741 1093 dialecticam.
758 1027 1016 1101 Quum-mundum
1031 1031 1110 1093 hunc
1129 1051 1217 1114 supe-

235 1133 321 1198 rioris
338 1135 486 1216 eujusdam
501 1153 564 1198 esse
585 1137 669 1198 docet
691 1123 856 1215 imaginem,
871 1137 998 1200 donum
1019 1139 1159 1203 mtiticem
1180 1143 1217 1205 nd

237 1247 357 1301 aeternus
374 1239 463 1317 ideas,
479 1239 559 1321 quasi
574 1240 609 1301 ed
628 1239 866 1322 perfectissimum
884 1244 1040 1323 exemplar,
1062 1247 1216 1327 anuqusm

235 1351 414 1425 operaretur,
431 1345 600 1427 respexisse,
622 1344 732 1407 animas
753 1353 886 1408 naturam
904 1346 1013 1410 hahere
1032 1346 1106 1410 ideis
1128 1351 1215 1432 quim

235 1450 362 1514 materie
376 1450 465 1528 magis
480 1450 618 1526 adlinem,
634 1451 674 1512 nil
688 1451 792 1513 horum
810 1469 878 1512 cum
894 1450 1055 1513 Christiane
1069 1453 1219 1536 disciplina

235 1571 291 1618 non
308 1554 449 1633 congruit.
466 1553 651 1618 Ghmanimae
668 1553 704 1616 ab
727 1554 807 1616 hisco
826 1555 953 1618 tenebris
966 1557 1003 1618 ad
1015 1575 1128 1639 supere
1139 1560 1218 1622 reri·
1281 1547 1286 1556 ’

235 1657 298 1720 tatis
311 1658 407 1720 radios
421 1675 571 1720 ascensum
586 1663 855 1738 representatum,
870 1659 1082 1724 nobilemillnm
1096 1663 1218 1744 despero

234 1760 316 1839 lingit
327 1759 503 1840 allegoriam,
519 1766 552 1822 ut
563 1760 696 1838 egregius
709 1765 805 1841 poeta,
817 1760 856 1824 itt
868 1764 1106 1845 profundissimus
1117 1782 1217 1830 rerum

234 1871 378 1928 scrutator
390 1871 520 1944 apparet.
537 1864 685 1946 lienique,
700 1883 786 1945 quarn
805 1866 929 1929 lehulam
944 1868 981 1930 de
993 1870 1153 1934 minorihus
1165 1873 1218 1934 de-

234 1970 307 2032 lictis
317 1969 370 2032 sub
385 1972 462 2032 terra
477 1969 635 2051 expiandis,
659 1969 921 2052 insanabilihnsque
941 1971 1098 2034 sceleribus
1109 1978 1216 2036 eterne

236 2073 458 2154 pestruensis,
474 2073 504 2134 in
527 2071 631 2152 Gorgid
652 2072 763 2150 dialogo
786 2080 895 2150 narrat,
917 2071 1084 2137 cntlrolioim
1100 2076 1137 2140 de
1154 2076 1218 2138 eni·

236 2192 348 2240 merum
370 2185 434 2260 post
450 2183 574 2240 mortem
590 2177 754 2240 conditione
773 2178 933 2239 doctrinam
954 2179 1069 2242 mamni
1084 2181 1217 2261 ponderis

236 2285 397 2346 testimonio
410 2285 573 2347 confirmat.
596 2283 726 2372 lnsignes
739 2281 807 2359 illae,
823 2280 928 2362 quihus
946 2287 1005 2344 tom
1023 2283 1144 2346 feliciter
1155 2285 1218 2346 hu·

234 2388 363 2467 gustinus
377 2406 481 2450 usmus
495 2395 568 2465 erat,
583 2387 752 2450 Platonismi
772 2403 839 2448 cum
863 2383 1079 2448 christianismo
1092 2405 1217 2450 consen-

235 2491 325 2554 tioues
339 2491 507 2572 Septimium
521 2491 638 2553 omnino
653 2491 811 2566 latuerunt,
825 2488 873 2570 qui
892 2488 1066 2570 peucissimri
1072 2491 1113 2554 de
1131 2491 1214 2570 ideis,

236 2613 325 2675 eaque
338 2596 442 2672 obiter,
455 2603 485 2658 et
498 2592 726 2677 reprehensionis
743 2592 840 2671 magis
851 2593 939 2673 quam
952 2593 1123 2657 laudationis
1133 2595 1216 2657 simi-

238 2697 286 2760 lia.
298 2697 366 2775 Sed,
380 2698 406 2761 si
419 2699 538 2760 alteram
554 2697 707 2760 Platonicae
720 2696 857 2759 doctrine
868 2695 991 2759 frontem
1001 2697 1150 2776 intuearis,
1166 2700 1216 2760 do-

230 2797 313 2878 lciis,
327 2810 358 2863 ut
372 2803 407 2864 ad
427 2801 522 2864 Nostri
544 2800 631 2864 verbe
649 2799 777 2874 redeam,
802 2797 947 2861 Plotoacsn
966 2799 1216 2861 condimentarium

237 2905 361 2965 omnium
374 2905 565 2966 hereticorum
582 2907 686 2983 socnam
701 2901 729 2981 (l
739 2907 759 2976 l,
774 2907 806 2962 et
822 2901 960 2982 qrridquid
972 2901 1049 2982 opud
1059 2900 1140 2963 illum
1154 2900 1215 2962 ein-

237 3027 312 3072 cerae
320 3008 461 3071 doctrine
477 3008 620 3070 invenitur
632 3007 755 3070 duomm
769 3021 903 3066 erromm
919 3004 1090 3066 admixtione
1101 3003 1214 3080 tetur,

238 3129 360 3194 quornm
369 3113 414 3174 rel
423 3112 512 3176 altera
528 3112 613 3174 tonus
626 3107 816 3192 philosophie
826 3107 957 3170 turbaret
966 3107 1113 3185 ordinem;
1123 3114 1216 3169 mate·

236 3216 287 3280 rie
298 3207 496 3294 eternitatem,
512 3233 598 3297 quam
612 3214 649 3276 ah
661 3213 843 3292 Hermogene
856 3211 937 3274 noris
947 3212 1048 3274 sultam
1061 3227 1217 3292 argumen-

239 3319 275 3382 tis
289 3310 443 3402 Septimius
452 3323 514 3402 jam
528 3317 690 3402 prostravit,
706 3325 735 3380 et
749 3317 913 3378 animorum
927 3314 1116 3391 divinitatem,
1128 3330 1215 3394 quam

240 3430 336 3486 secute
350 3430 393 3486 est
406 3431 465 3486 tota
485 3424 523 3486 de
536 3419 756 3484 reminiscentiis
769 3418 877 3495 tabule,
895 3417 1019 3494 animm
1033 3425 1097 3498 post
1109 3433 1216 3498 penna-

238 3545 304 3590 rum
326 3527 508 3590 omissionem
528 3533 558 3589 et
577 3525 689 3606 lapsum
707 3523 738 3586 in
759 3539 875 3604 corpus,
898 3520 934 3582 ad
953 3520 1033 3582 ideas
1049 3517 1217 3600 paulatima

240 3632 359 3694 metent
371 3629 585 3694 revocantibus.
821 3642 826 3648 “

160 3794 164 3800 ,
278 3731 424 3798 Poetieuin
438 3733 509 3797 illud
523 3729 703 3796 mendacium
717 3727 872 3810 Septimius
885 3742 964 3785 nunc
978 3721 1153 3801 aggreditur,
1169 3739 1219 3786 ra-

239 3837 409 3901 lidissironm
422 3837 534 3900 anime
553 3836 672 3900 studens
684 3831 827 3896 hereticis
839 3833 1052 3905 argumentum,
1067 3825 1144 3888 unde
1156 3827 1219 3888 ani·

240 3959 294 4004 me
308 3943 412 4004 innatae
421 3949 453 4004 'et
468 3942 498 4003 in
508 3941 586 4004 coelis
605 3943 781 4000 conversatae
801 3931 998 3995 crederentur.
1013 3930 1156 4008 Primum,
1171 3931 1216 3992 cui

274 4143 308 4209 (r)
323 4145 359 4194 ue
372 4143 432 4204 nn,
449 4141 518 4204 ens.
