3200 5067
481 486 665 539 OPUSGULUM
684 486 944 539 ruttosorfltcott.
1175 489 1208 541 bil

229 598 356 681 Septimii
370 598 520 675 sententia,
535 600 565 661 in
578 599 625 660 illd
635 598 749 661 firmum
765 599 976 679 immotumque
986 598 1110 662 inuenies
1123 619 1209 681 quam

229 710 393 764 nostrorum
415 702 585 782 scriptorum
609 720 675 783 pars
698 702 781 782 longe
804 702 906 764 melior
927 702 1076 782 majorque
1096 720 1211 785 semper

228 804 361 883 amplexa
375 812 431 880 est,
447 822 510 865 eam
525 804 599 881 dico,
616 822 691 884 quae,
706 808 847 869 rationem
859 808 934 887 saepe
947 806 1073 887 quidem,
1089 806 1210 869 sednon

228 920 470 990 semper,'errare
490 908 640 985 confitens,
660 907 753 973 inesse
766 909 807 971 illi
820 910 877 971 vim
891 908 1043 991 quamdam
1064 908 1210 989 potiundae

227 1010 352 1073 raritatis
363 1009 498 1088 defendit,
513 1028 565 1092 per
585 1028 670 1091 quam
685 1012 774 1075 multa
795 1031 847 1093 per
860 1030 892 1074 se
911 1013 1047 1093 patentia,
1062 1013 1211 1094 multaque

229 1131 263 1175 ex
287 1114 332 1177 bis
354 1113 479 1193 legitima
507 1113 720 1177 ratiocinatione
750 1116 870 1179 deducta
898 1116 928 1177 in
956 1116 1050 1178 lucem
1078 1116 1210 1198 prolerre

228 1217 328 1280 ualeat.

268 1321 350 1395 Quod
365 1322 402 1384 ite
419 1340 483 1386 esse
496 1323 602 1406 duplici
619 1324 704 1387 modo
720 1322 831 1386 ostendi
845 1329 948 1404 potest.
966 1323 995 1385 Si
1010 1323 1075 1403 quis
1088 1323 1165 1385 euim
1179 1323 1210 1385 in

228 1424 352 1487 medium
374 1426 518 1505 afferatur,
538 1428 598 1508 qui,
620 1434 753 1490 suenrus
775 1433 917 1506 notusque
936 1427 1070 1488 humanae
1090 1426 1210 1488 rationis

228 1529 299 1589 lines
317 1547 385 1591 suos
409 1548 468 1591 non
490 1529 650 1593 excedentis
676 1529 826 1605 defensor,
849 1528 962 1604 iisdem,
987 1528 1091 1608 quibus
1115 1528 1210 1609 Septi-

227 1630 313 1709 mius,
323 1632 430 1709 verbis,
447 1632 491 1695 uel
505 1632 667 1695 durioribus
681 1634 779 1709 etiam,
791 1633 828 1695 de
846 1631 1034 1714 philosophia,
1052 1632 1209 1713 nativisque

227 1734 289 1813 ejus
304 1752 371 1795 cnm
387 1734 540 1796 christiana
559 1735 705 1815 disciplina
728 1734 898 1812 inimicitiis,
913 1736 1025 1797 locutus
1043 1736 1139 1812 luerit,
1157 1755 1210 1816 ap-

226 1836 338 1916 parebit
355 1838 439 1899 ambo
454 1838 598 1899 conciliari
618 1856 713 1919 posse,
734 1857 867 1903 severum
886 1840 922 1901 de
941 1838 1139 1901 audacioribus
1151 1838 1210 1902 bu-

226 1940 306 2003 mani
319 1926 425 2020 ingenii
439 1941 515 2003 ausis
529 1942 681 2022 judicium,
695 1948 724 2003 et
737 1961 849 2022 aequam
865 1941 1100 2021 benevolamque,
1114 1941 1151 2004 de
1163 1942 1208 2004 bis

225 2062 290 2123 quae
304 2045 423 2107 feliciter
446 2054 555 2109 tentare
576 2054 604 2108 et
625 2047 763 2127 perlicere
786 2045 870 2121 valet,
894 2044 1073 2107 sententiam.
1090 2043 1211 2118 Quodsi

225 2148 289 2229 ipse
304 2149 468 2231 Septimius,
484 2150 638 2231 duplicem,
650 2154 706 2231 quo
719 2147 796 2225 viget
808 2147 892 2223 ratio,
903 2152 1081 2228 potestatem,
1093 2164 1207 2227 nempe,

225 2253 372 2315 manifesta
382 2254 511 2335 quaedam
524 2255 559 2317 de
571 2254 658 2316 rebus
672 2251 784 2329 divinis,
795 2250 857 2311 sine
866 2256 1100 2329 argumentorum
1110 2249 1208 2311 amba·
1324 2236 1327 2244 ’

226 2354 319 2433 gibus,
330 2356 516 2438 percipiendi,
529 2363 557 2418 et
570 2356 636 2419 inde
647 2356 715 2418 alias
728 2351 1207 2432 remotioresqueeducendiverita·

225 2462 278 2535 tes,
293 2459 520 2522 constantissime
534 2459 657 2537 agnovit,
672 2459 697 2521 si
708 2458 797 2520 multa
811 2457 842 2518 in
854 2456 1127 2519 contaminaratione
1139 2465 1217 2537 pro-·

226 2557 276 2621 diit
301 2568 448 2640 armatae,
473 2561 636 2643 multosque
658 2562 834 2624 adversarios
858 2560 924 2622 telis
947 2558 984 2621 ab
1014 2562 1069 2621 unt
1090 2560 1207 2644 *ratione

225 2662 398 2745 depromptis
416 2663 551 2742 confodit,
569 2665 660 2727 multo
684 2666 773 2743 magn
794 2664 849 2727 erit
869 2663 1014 2726 latendum
1035 2662 1207 2743 Septimium

224 2768 317 2830 verbis
331 2786 394 2849 quae
403 2768 540 2848 quosdam
555 2769 662 2831 laedunt
675 2772 709 2831 ed
720 2775 816 2831 mente
826 2786 910 2829 usum
924 2785 998 2842 esse,
1016 2773 1049 2827 ut
1064 2765 1207 2828 radonem

224 2889 283 2933 non
298 2872 488 2949 conculcaret,
505 2872 555 2933 sed
569 2880 732 2950 evagantem
749 2872 905 2948 cohiberet,
920 2870 1106 2950 autaliquem
1120 2868 1207 2930 ubam
1268 2886 1272 2893 ·

225 2974 342 3036 subesse
356 2974 518 3054 quaestionis
532 2974 686 3037 enodandae
699 2976 851 3053 rationem,
865 2975 894 3036 ni
908 2976 982 3038 lorti
991 2972 1145 3056 pugnantia
1159 2991 1205 3034 se-

224 3094 291 3139 cum
305 3075 438 3139 omnibus
451 3076 606 3158 inscriptis
625 3085 735 3141 tantum
752 3080 845 3142 virum
862 3079 1029 3161 praedicasse
1051 3074 1151 3152 maiis;
1167 3076 1203 3137 ad

224 3199 310 3261 quam
324 3181 598 3261 interpretationem,
624 3201 793 3265 numquam,
820 3183 875 3245 nisi
897 3181 1053 3263 desperatis
1070 3179 1203 3243 omuibus

223 3282 296 3360 aliis,
312 3283 530 3361 confugiendum
544 3284 663 3345 videtur.

262 3386 337 3449 Audi
351 3388 421 3467 ergo
433 3388 576 3467 quomodo
592 3395 743 3470 utrumqne
752 3389 913 3451 conticium.

263 3489 327 3553 Non
340 3508 414 3552 unus
429 3492 445 3553 e
458 3490 554 3552 multis
569 3490 716 3572 Septimio,
731 3492 806 3556 laesae
818 3492 937 3555 rationis
950 3510 1013 3570 reo,
1023 3492 1145 3573 exempli
1158 3492 1205 3554 sui

224 3593 390 3655 auctoritate
404 3588 637 3673 patrocinabitur,
653 3595 704 3657 sed
712 3597 760 3679 qui
774 3598 880 3678 duplici
894 3597 1017 3673 theologi
1025 3594 1204 3675 pbilosophi-

224 3716 279 3777 que
292 3697 388 3775 laude,
404 3697 602 3761 clarissimam
623 3704 717 3777 aetate,
737 3719 824 3781 snper
837 3699 907 3760 alios
921 3695 1034 3772 claruit,
1052 3696 1151 3771 bomo,
1171 3704 1204 3757 ut

222 3800 263 3863 ita
278 3804 381 3880 dicam,
395 3803 498 3865 rationi
519 3802 692 3879 simillimus,
706 3802 766 3884 ipse
782 3799 962 3863 Bossuetius:
980 3796 1066 3877 quisi
1080 3796 1204 3877 probare

223 3904 342 3969 velimus
362 3908 447 3987 qnam
470 3906 544 3967 bend
567 3924 681 3967 omnem
702 3902 759 3965 dm
782 3899 900 3964 rationis
923 3905 1020 3959 uotam
1048 3897 1201 3973 babuerit,

115 4028 119 4037 ·
223 4010 366 4092 quomque
379 4009 499 4072 libenter
520 4009 619 4071 diuinis
637 4009 667 4070 in
685 4005 771 4069 rebus
786 4000 958 4079 adhibuerit,
975 4007 1051 4062 totus
1069 3998 1153 4060 nobis
1168 3998 1204 4059 li-

224 4108 276 4173 ber
294 4112 325 4173 de
340 4112 392 4173 Dei
404 4119 431 4173 et
443 4114 487 4172 cot
506 4110 591 4189 ipsius
604 4104 756 4189 cop'nitionc
776 4107 938 4174 recitandus
960 4106 1007 4169 sit.
1022 4103 1073 4167 Ille
1093 4110 1202 4180 tamem
