3200 5067
414 489 446 539 so
689 484 730 535 on
747 486 777 547 o.
795 485 823 534 s.
841 484 868 535 r.
887 483 1111 556 rsnruinopo

415 618 431 659 c
452 616 514 661 mas
527 598 674 675 nationes,
698 596 822 659 ludibria
842 596 947 658 artium
968 604 997 661 et
1017 616 1105 679 opera
1118 616 1257 663 mcum
1277 620 1396 665 suarum

412 722 428 764 c
448 703 611 782 adorantes,
627 720 732 766 nomen
742 721 809 764 cum
821 700 928 773 familia
940 702 1030 784 ipsius
1043 713 1287 785 persequentes..
1300 716 1331 769 ut
1341 726 1395 769 sua

413 826 429 867 c
450 804 505 868 sihi
518 805 652 888 patientia
671 806 820 869 detrahat:
837 804 933 885 piures
946 806 1024 867 enim
1044 806 1198 871 Dominum
1214 809 1320 871 ideirco
1334 828 1395 873 non

412 928 428 970 c
450 910 581 988 credunt,
602 911 668 991 quia
690 910 794 972 saeculo
816 894 1051 973 iratnm'tamdid
1072 912 1241 975 nesciunt...
1258 912 1332 987 Quid
1345 914 1393 977 itta

411 1031 428 1072 c
449 1013 594 1095 patientia,
608 1031 673 1093 qnae
686 1012 762 1075 inter
776 1012 907 1074 homines
920 1012 1015 1093 paldm
1033 1015 1062 1077 in
1083 1015 1167 1078 terris
1181 1016 1392 1097 quodammodo

412 1138 428 1180 c
449 1136 537 1181 manu
552 1118 728 1198 apprehensa
742 1116 810 1179 est?
825 1115 908 1179 Nasci
925 1118 1046 1181 settene
1066 1119 1096 1179 in
1108 1125 1190 1181 utero
1205 1120 1311 1199 patitur
1328 1140 1392 1182 ma·
1462 1171 1465 1176 i

412 1242 427 1283 c
448 1223 517 1300 tris,
540 1231 569 1285 ot
590 1230 672 1285 natus
694 1223 857 1284 adolescere
875 1222 1017 1300 sustinet,
1041 1229 1070 1284 et
1087 1222 1203 1285 aduitus
1224 1241 1284 1285 non
1307 1226 1392 1303 gestit

411 1347 426 1389 u
448 1327 574 1406 agnosci,
589 1327 639 1389 sed
652 1324 874 1389 contumeliosus
888 1324 1006 1405 insuper
1025 1326 1079 1411 sibi
1092 1332 1146 1403 ost,
1162 1334 1191 1388 et
1204 1311 1316 1389 a‘seruo
1336 1345 1391 1393 suo

410 1449 426 1491 c
448 1430 623 1508 tinguitur...
649 1428 765 1491 Nullum
786 1428 928 1491 volentem
940 1428 996 1490 sibi
1009 1430 1155 1493 adhaerere
1168 1448 1228 1491 non
1244 1432 1387 1512 suscepit:

408 1555 424 1596 c
445 1535 552 1596 nuliius
564 1552 693 1595 mensam
708 1540 850 1596 tectumve
862 1531 990 1612 despexit
992 1578 1054 1609 .....
1066 1551 1123 1593 non
1138 1540 1313 1614 peccatores,
1331 1553 1388 1595 non

408 1656 424 1697 u
446 1636 613 1718 publicanos
635 1642 801 1716 aspernatus
822 1641 876 1697 est.
896 1634 1025 1713 Ingratos
1045 1634 1164 1711 curavit,
1178 1635 1389 1698 insidiatoribus

409 1761 425 1803 c
446 1742 540 1803 cessit.
558 1720 667 1803 Parum
690 1742 756 1817 hoc,
774 1740 798 1803 si
816 1758 876 1801 non
895 1738 981 1801 etiam
995 1740 1171 1821 proditorem
1190 1758 1277 1803 suum
1289 1758 1387 1803 secum

408 1866 424 1907 c
445 1846 582 1909 habuit...
605 1845 676 1908 cum
698 1846 766 1907 vert
785 1844 917 1921 traditur,
937 1846 1002 1907 crim
1024 1846 1185 1924 adducitur,
1200 1854 1232 1908 ut
1246 1865 1332 1927 pecus
1351 1848 1387 1910 ad

408 1970 424 2012 r
444 1951 603 2027 victimam3
624 1950 664 2012 sio
679 1949 754 2012 enim
776 1968 836 2011 non
849 1948 941 2027 magis
954 1951 1046 2031 aperit
1058 1968 1092 2013 os
1104 1952 1190 2032 quim
1204 1969 1307 2029 agnus,
1332 1951 1384 2013 sub

407 2076 423 2117 c
445 2055 587 2117 tondentis
601 2060 779 2134 potestate...
795 2052 886 2116 Taceo
908 2054 986 2133 quod
1003 2053 1117 2133 figitur:
1134 2053 1164 2115 in
1177 2055 1233 2118 hoc
1245 2054 1322 2118 enim
1336 2075 1385 2118 rc-

406 2180 422 2221 c
443 2168 536 2223 norat.
551 2158 695 2237 Numquid
709 2167 807 2219 tamen
823 2157 981 2220 subeundae
998 2160 1084 2221 morti
1097 2160 1182 2221 etiam
1205 2161 1384 2223 contumetiis

404 2280 421 2324 a
443 2280 515 2343 opus
537 2260 649 2323 fuerat?
672 2260 728 2323 Sed
750 2261 873 2339 saginari
887 2263 1031 2343 voluptate
1051 2264 1194 2345 patientiae
1208 2265 1384 2328 discessum

405 2384 421 2427 a
442 2360 554 2427 volebat
568 2364 580 2443 (
601 2364 629 2443 ).
647 2364 800 2427 o-Deus
813 2383 895 2428 veras
909 2366 1035 2448 patiendi
1045 2387 1146 2431 causas
1159 2369 1296 2447 suggerit,
1308 2369 1384 2433 Deus

403 2469 512 2551 praebat
533 2469 609 2531 unde
633 2469 831 2547 gravissimum
851 2472 953 2551 jugum
976 2492 1033 2535 non
1055 2474 1201 2538 toiembiie
1221 2476 1318 2554 modo,
1332 2477 1383 2539 sed

402 2574 488 2635 etiam
506 2574 665 2653 jucundum
687 2574 845 2649 efficiatum
870 2595 966 2639 nonne
986 2577 1063 2639 enim
1080 2596 1165 2640 omne
1185 2597 1257 2641 onus
1276 2580 1383 2641 amanti

401 2677 462 2741 lere
480 2677 611 2741 videtur‘t
632 2696 648 2739 c
665 2678 694 2741 Si
711 2678 728 2739 d
747 2678 867 2742 Domino
888 2681 1016 2761 quaedam
1042 2682 1191 2745 credamus
1212 2683 1311 2758 incuti,
1336 2684 1381 2745 cui

402 2802 418 2843 c
440 2782 530 2862 magis
548 2784 633 2864 quim
651 2780 772 2843 nomino
791 2784 955 2863 patientiam
973 2784 1174 2865 praebeamus?
1191 2785 1381 2866 rependamus

400 2907 416 2949 a
438 2886 479 2949 itti
493 2906 577 2969 quam
593 2905 645 2968 pro
659 2886 740 2949 nobis
752 2887 886 2967 dependit
898 2886 957 2965 (2).
973 2905 989 2947 n
1002 2885 1130 2968 Cqune
1138 2886 1279 2949 Christum
1288 2886 1378 2950 Deum

394 3009 466 3054 vsuus
487 2991 554 3069 erga
572 3008 626 3052 nos
645 3009 727 3052 amor
749 2989 874 3071 patiendi
893 2989 1018 3051 effecerit
1036 2989 1313 3071 appetentissimum,
1326 3010 1379 3071 pa-

394 3096 492 3159 tientia
503 3102 634 3158 nostrum
651 3112 764 3176 quoquc
778 3095 808 3155 iri
830 3094 911 3155 iilum
930 3111 1059 3155 amorem
1072 3100 1212 3157 testetur:
1231 3093 1378 3157 «ditectio

398 3218 413 3259 a
435 3216 581 3261 summum
594 3197 660 3259 fidei
674 3206 896 3274 sacramentnm,
912 3196 1059 3258 christiani
1076 3195 1199 3258 nominis
1213 3198 1375 3276 thesaurus,

397 3302 517 3380 «cnjus
540 3300 595 3361 nisi
618 3299 760 3379 patientiae
781 3300 937 3382 disciplinis
957 3300 1104 3363 eruditori
1127 3300 1261 3377 Dilectio,
1284 3302 1377 3384 inquit

397 3422 412 3463 c
433 3401 597 3481 Apostolus,
615 3401 711 3463 omnia
732 3402 865 3479 sustinet,
880 3404 975 3466 omnia
998 3405 1109 3482 tolerat,
1125 3404 1223 3485 utique
1240 3404 1306 3485 quia
1321 3424 1375 3486 pa-

395 3527 411 3569 «
434 3507 517 3569 tiens.
532 3505 631 3567 Merito
646 3508 714 3584 ergo
734 3525 891 3587 numquam
906 3507 1033 3569 excidet:
1052 3525 1119 3569 nam
1137 3515 1239 3570 crotera
1254 3524 1374 3569 evacua-

335 3666 337 3670 .
394 3630 410 3672 u
431 3612 550 3690 huntur,
564 3610 851 3705 consummabuntur.
870 3610 1083 3673 Exhauriuntur
1091 3610 1214 3704 pinguae,
1233 3610 1371 3687 scientiae,

393 3716 601 3799 ‹prophetiae3
627 3724 796 3799 permanent
819 3716 901 3794 fides,
925 3734 1003 3796 spes,
1031 3715 1165 3778 ditectio:
1195 3715 1267 3777 tides
1284 3733 1372 3795 quam

392 3838 407 3879 a
429 3819 531 3882 Christi
546 3821 680 3903 patientia
699 3820 809 3885 induxit
822 3839 830 3881 z
847 3837 913 3901 spes
926 3838 1012 3899 quarn
1034 3818 1159 3882 hominis
1173 3818 1306 3901 patientia
1321 3836 1372 3879 er-

420 4022 455 4089 (t)
469 4024 505 4073 De
519 4023 584 4085 Pat,
601 4024 612 4086 t
627 4025 652 4074 5.

421 4112 456 4177 (Ξ)
470 4114 506 4164 lto
521 4113 585 4175 Pac,
602 4114 614 4177 t
632 4115 672 4163 tt.
