3200 5067
493 496 679 549 OPUSGULUM
696 494 956 549 ruinosoeflmull.
1177 494 1212 548 ts

231 610 319 689 Igitur
344 611 410 689 (etsi
431 611 493 691 ejus
517 610 663 691 ingenium
689 610 798 674 animos
822 610 916 692 potius
929 606 1105 689 quibusdam
1129 609 1210 689 quasi

231 714 358 777 scintillis
370 715 552 797 prestringit,
568 734 654 797 qnam
677 718 815 798 perpetua
838 712 965 777 claritate
978 712 1128 789 illuminat,
1145 712 1210 789 etsi,

231 818 308 897 quod
328 819 416 899 dapes
437 820 534 881 solent
553 820 760 901 exquisitiores,
782 817 925 900 comptior
944 816 1008 897 ejus
1027 822 1056 878 et
1068 815 1213 879 delicatior
1330 886 1335 894 .

231 922 321 983 oratio
336 922 403 1003 ipst
424 923 585 987 assiduitate
605 925 680 1005 parit
692 924 847 1001 fastidium,
871 929 904 985 ut
923 922 973 1003 qui
992 939 1050 985 una
1062 928 1113 984 aut
1125 921 1213 984 altere

229 1026 328 1089 Annaei
346 1028 465 1109 epistola
489 1029 575 1112 plane
592 1038 691 1112 captus
713 1037 768 1107 est,
790 1029 929 1091 decimam
949 1027 1035 1108 pauld
1054 1026 1212 1107 longiorem

229 1131 361 1209 fateatur,
383 1133 585 1215 quinquaginta
606 1152 663 1197 uno
680 1143 779 1198 tenore
800 1134 932 1197 recitatas
950 1131 1061 1209 audire,
1077 1149 1130 1213 pro
1143 1148 1211 1194 cru-

230 1233 303 1298 ciatu
317 1234 433 1315 haheat)
450 1244 557 1316 tamen,
572 1238 596 1300 si
611 1238 736 1317 singulas
747 1255 799 1319 per
812 1256 844 1299 se
857 1236 1010 1299 sententias
1021 1236 1156 1314 estimes,
1171 1236 1210 1298 nil

230 1337 323 1421 apum
337 1339 560 1421 consimilisque
571 1338 678 1403 dutum
694 1338 833 1415 inuenies,
848 1337 919 1400 nihil
932 1337 1009 1418 quod
1024 1336 1134 1400 lelioids
1148 1354 1211 1399 me-

230 1444 320 1508 moria
329 1440 451 1527 arripiat
462 1455 491 1509 et
509 1453 612 1525 seruet,
625 1446 665 1509 nil
676 1446 754 1528 quod
764 1446 904 1508 librorum
912 1441 1078 1508 auctoribus
1087 1440 1211 1522 aptiores

231 1548 266 1611 ad
285 1550 461 1615 excitandam
482 1552 650 1631 languentis¹
663 1552 751 1614 animi
765 1549 951 1612 attentionem
974 1548 1053 1610 locos
1073 1545 1208 1628 praebeat.

230 1650 347 1717 llistior
360 1655 524 1737 Septimius,
536 1665 565 1721 et
577 1658 658 1739 quasi
671 1658 802 1719 consulto
814 1655 963 1732 obscuros,
975 1654 1098 1734 raroque
1106 1653 1210 1715 luorum

227 1774 331 1838 expers
346 1761 479 1823 vitiorum
500 1780 564 1842 quae
577 1764 628 1824 sua
644 1761 686 1823 illi
707 1770 793 1839 aetes,
809 1778 862 1822 sua
877 1758 980 1841 patria,
994 1777 1080 1822 suum
1100 1758 1212 1821 indide-

230 1868 276 1923 rat
289 1862 557 1943 ingenium.›lgitur
578 1865 606 1929 in
624 1866 679 1927 hoc
699 1864 772 1927 libro
795 1865 863 1926 oium
887 1865 976 1925 multa
997 1881 1062 1943 quae
1080 1864 1146 1943 jure
1162 1878 1211 1925 re·

233 1966 394 2047 prehendas
408 1970 599 2049 continentur,
614 1977 676 2032 tum
687 1970 759 2032 illud
775 1968 918 2050 praecipue
935 1966 1012 2051 quod
1021 1967 1126 2029 malam
1142 1968 1212 2029 rhe-

232 2077 338 2133 torum
352 2072 541 2154 quorumdam
564 2072 799 2137 consuetudinem
819 2079 935 2134 secutum
956 2078 1013 2150 est,
1024 2069 1093 2151 qui,
1117 2069 1213 2133 homi-

232 2190 299 2235 nem
314 2175 466 2254 laudaturi,
475 2194 533 2239 non
546 2176 614 2239 setis
628 2194 658 2239 se
668 2176 790 2238 facturos
802 2173 986 2239 creduntnisi
999 2172 1060 2250 ille,
1070 2172 1212 2237 unusla-

233 2284 307 2342 tasse
319 2296 337 2341 e
350 2279 458 2357 multis,
474 2283 533 2343 tota
551 2286 646 2341 tamen
665 2277 831 2360 antiquitate
850 2277 933 2340 taeile
946 2276 1058 2357 melior,
1078 2278 1214 2341 omnibus

234 2400 346 2463 quoque
360 2390 497 2463 prostans
509 2382 676 2463 equalibus,
697 2402 855 2464 numquam
870 2403 887 2446 a
906 2381 1029 2464 posteris
1046 2382 1211 2462 uincendus,

235 2487 308 2569 apud
322 2488 388 2551 illos
401 2488 516 2551 audiat:
533 2488 687 2571 iidemque,
702 2490 845 2553 neminem
867 2490 1027 2571 vituperare
1039 2486 1212 2568 aggrediun-

236 2597 293 2667 tur,
312 2607 398 2671 quem
410 2608 469 2654 non
481 2590 678 2672 perditissimis
692 2590 1076 2671 perditionem,'deteriorem
1092 2592 1216 2657 deterri·

236 2692 290 2755 mis
298 2695 392 2757 statim
406 2696 525 2775 lingant.
536 2695 639 2779 Nostro
654 2696 731 2759 enim
745 2715 848 2778 parum
858 2696 911 2759 luit
920 2696 1085 2779 patientiam
1098 2698 1214 2780 proprio

237 2798 317 2863 titulo
342 2800 491 2878 laudasse,
511 2802 695 2884 impatientias
714 2810 853 2885 quotquot
874 2804 911 2867 ad
930 2803 1012 2865 illum
1034 2803 1101 2866 uere
1125 2803 1216 2885 perli-

236 2910 306 2965 nent
325 2910 418 2985 pestes
436 2905 571 2986 objicere.
598 2907 765 2971 Patientiam
787 2908 918 2971 omnium
937 2909 1075 2971 virtutum
1095 2910 1214 2982 lentem,

216 3048 218 3051 -
236 3008 440 3091 impatientiam
454 3011 581 3074 omnium
595 3014 719 3077 radicem
734 3014 902 3079 delictorum
914 3015 1055 3097 disputat:
1071 3010 1215 3075 diabolum

237 3113 506 3195 perimpatientiam
520 3116 646 3183 hunuano
660 3121 758 3201 generi
771 3121 933 3184 felicitatem
954 3120 1098 3197 invidisse,
1114 3117 1219 3181 mulie-

237 3234 311 3294 rem,
327 3218 428 3297 spira'tu
450 3218 623 3299 impatientia
644 3223 745 3304 infecto
769 3226 906 3305 afflatum,
921 3242 1011 3305 seque
1031 3231 1062 3287 et
1077 3224 1169 3286 virum
1191 3228 1220 3284 et

238 3326 326 3383 totam
348 3322 513 3402 progeniem
541 3327 717 3406 perdidisse,
739 3329 843 3391 mulum
869 3330 915 3409 (ut
936 3328 1033 3392 omnia
1051 3346 1110 3391 uno
1129 3326 1218 3392 uerbo

221 3428 527 3513 comprehendantur)
546 3450 608 3496 esse
630 3434 693 3497 toni
712 3436 945 3516 iunpotientiom.
965 3434 1052 3500 Neam
1072 3433 1218 3495 eninsim·

235 3530 357 3607 pudieus,
375 3552 432 3595 non
442 3535 588 3617 impatiens
599 3540 745 3619 pudicitie,
763 3548 789 3603 et
801 3541 939 3621 improbae
949 3540 1102 3621 probitatis,
1118 3544 1145 3599 et
1157 3537 1217 3597 im·

235 3636 298 3713 pius
307 3638 426 3717 pietatis,
443 3650 471 3703 et
483 3642 620 3724 inprecatus
639 3647 739 3727 quietis
764 3648 824 3728 (l).
845 3647 1011 3709 Declamare
1030 3650 1117 3724 atque
1128 3660 1217 3704 uena·

238 3739 294 3803 lem
307 3760 390 3810 orare
399 3764 513 3811 causum
525 3750 636 3814 uidetur
644 3752 810 3835 Septimius,
820 3771 878 3816 non
886 3751 993 3815 undam
1002 3749 1218 3831 simplicemque

238 3848 383 3913 veritatem
396 3872 555 3935 exponere3
573 3859 613 3933 nil
626 3860 702 3923 enim
716 3858 961 3942 prohibeteadem
978 3860 1087 3920 mutato
1100 3852 1218 3917 nomine

239 3950 275 4013 de
288 3958 386 4035 quovis
398 3959 452 4021 alio
466 3958 532 4023 vitio
546 3960 708 4042 praedicari3
719 3980 812 4045 neque
825 3960 959 4024 omnibus
972 3959 1058 4041 utils,
1066 3973 1118 4038 per
1126 3956 1218 4018 inter·

273 4166 305 4229 (u
321 4166 503 4233 perstrenue,
519 4172 531 4233 a
546 4171 571 4221 o.
608 4222 610 4225 ,
