3200 5067
331 415 363 465 rs
616 407 658 462 on
675 411 705 474 p.
724 411 751 460 s.
769 411 798 459 r.
814 407 1033 462 reuruuuuuo
1117 369 1122 376 ’

303 587 308 597 ,
330 531 457 590 veterum
469 521 701 605 philosophorum
716 523 752 612 de
760 522 808 584 iile
817 522 970 584 sententias
982 508 1136 582 ius'eetatus
1144 536 1186 580 es.
1197 516 1312 583 Utrum·

331 645 387 710 ipre
405 630 444 690 itu
465 627 618 710 Septimius
636 627 737 705 effecit,
758 634 791 688 ut
811 634 840 688 et
860 624 983 687 Marcion
1002 624 1229 702 continuaretur,
1244 626 1313 702 mali

331 731 470 810 originem
484 732 520 795 ad
536 731 627 794 Deum
641 715 781 809 reterens,
804 738 833 794 et
846 729 968 792 disseret
985 727 1164 809 philosophia
1178 728 1249 788 solri
1261 729 1315 790 de·

329 835 415 916 nique
428 841 539 896 tantum
551 841 635 914 posse
647 833 767 910 nodum,
777 851 833 895 nee
843 838 939 896 tamen
949 831 1020 894 illud
1030 830 1066 892 de
1078 829 1198 891 materie
1207 833 1314 892 aeterna

331 945 494 1019 portentum
509 921 617 998 induci.

372 1039 463 1116 Plato,
485 1040 551 1102 otim
574 1039 603 1100 iu
626 1037 795 1118 quibusdam
820 1037 894 1113 aliis,
917 1038 979 1098 trirn
1001 1035 1032 1097 iu
1053 1035 1109 1097 hoe
1135 1035 1258 1098 maxime
1279 1035 1315 1096 ad

333 1143 514 1206 christianam
523 1140 669 1202 veritatem
683 1139 791 1202 ridetur
804 1138 1055 1218 ammissaqaod
1064 1138 1116 1214 illi,
1127 1155 1214 1219 quem
1226 1137 1316 1198 mua·
1331 1179 1335 1184 ι

231 1284 235 1292 =
333 1263 410 1322 mur,
425 1249 509 1326 κόσμῳ
525 1244 632 1306 nullam
647 1249 750 1324 praeter
767 1241 818 1305 Dei
833 1242 991 1304 bonitatem
1010 1258 1126 1304 cauum
1140 1258 1204 1302 esse
1217 1240 1313 1301 voluit.

334 1348 404 1411 Vide
416 1356 513 1410 tamen
529 1348 636 1428 quanto
649 1345 762 1424 dignius
778 1346 814 1408 de
827 1345 885 1408 Deo
900 1345 992 1407 nostri
1008 1345 1163 1426 scriptores
1176 1330 1206 1406 et
1223 1343 1318 1414 dieaut

335 1457 364 1514 et
378 1451 510 1514 sentiant.
527 1447 658 1512 Platonis
667 1449 716 1510 iile
729 1453 901 1530 δημιουοργὸς,
918 1448 1068 1513 materiam
1078 1448 1226 1530 reperiens
1240 1447 1318 1509 omni

335 1554 428 1636 speeie
451 1554 624 1632 destitutam,
638 1535 791 1616 'miseretur
805 1553 909 1634 inopiae
930 1554 1005 1633 ej'us,
1025 1559 1053 1615 et
1065 1553 1143 1614 illam
1158 1551 1319 1630 aggreditur
1413 1557 1415 1559 ’

337 1656 473 1738 expolire.
498 1655 681 1718 laudandum
703 1657 771 1718 sane
794 1656 956 1732 musilium,
980 1656 1031 1718 sed
1049 1656 1125 1737 quod
1142 1655 1248 1716 nullius
1262 1655 1320 1716 hu·

337 1760 414 1821 mani
428 1759 554 1837 artificis,
568 1759 654 1820 modd
668 1765 729 1820 arte
740 1760 792 1819 sul
802 1757 970 1835 delectetur,
983 1758 1093 1820 animos
1106 1757 1318 1820 authoritatem

218 1946 220 1950 Ι
338 1863 463 1926 excedat.
480 1863 548 1936 Quis
562 1863 638 1924 euim
654 1863 792 1944 sculptor,
808 1881 969 1925 marmoreo
980 1881 1048 1924 saxo
1061 1861 1170 1937 obrius,
1180 1880 1238 1923 non
1252 1880 1321 1924 oon·

301 2005 311 2020 1-
339 1968 418 2032 tinad
439 1974 562 2031 statuam
574 1969 635 2048 jam
648 1968 677 2028 iu
691 1974 786 2030 mente
800 1970 852 2029 sul
866 1968 1035 2030 existentem
1056 1986 1091 2028 ex
1104 1967 1153 2029 illo
1173 1968 1321 2029 extrahere

339 2072 463 2150 rogitat?
476 2071 556 2135 Adde
568 2071 644 2152 quod
657 2071 771 2152 plenam
786 2077 956 2152 potestatem
970 2071 999 2132 in
1017 2071 1177 2146 materiam,
1192 2069 1321 2150 suijuris

340 2177 434 2251 autea,
450 2173 604 2249 uindicare,
620 2173 804 2234 ambitionem
818 2174 939 2250 redolet,
951 2193 1010 2235 uon
1024 2173 1120 2236 minus
1132 2174 1218 2254 qudm
1233 2173 1322 2234 mise-

339 2277 503 2339 ricordiam.
513 2275 664 2353 Praetered,
680 2277 787 2340 munda
803 2277 918 2356 quidem
934 2295 1099 2354 numerum,
1115 2284 1145 2340 et
1153 2277 1275 2357 pondus,
1289 2283 1318 2338 et

342 2396 507 2442 mensuram
524 2379 683 2440 Platonicus
705 2380 753 2442 ille
767 2381 838 2443 deus
853 2381 990 2460 largitur3
1015 2381 1078 2458 sed,
1092 2382 1157 2442 crim
1170 2392 1324 2462 supremus

342 2483 378 2544 sit
392 2500 511 2545 summae
530 2481 664 2544 bonitatis
679 2490 797 2546 conatus
820 2503 852 2546 se
867 2485 960 2564 ipsam
975 2485 1094 2562 donare,
1118 2503 1149 2545 se
1163 2491 1257 2545 tamen
1272 2482 1326 2544 sibi
1435 2564 1438 2566 v

344 2595 448 2663 servat,
471 2587 684 2668 maximumque
700 2590 763 2669 ejus
786 2589 850 2651 urhi
870 2597 1014 2652 terrarum
1034 2607 1152 2666 munus,
1172 2588 1326 2668 geometria

343 2690 472 2772 quaedam
487 2687 608 2754 eoelestis
626 2699 682 2768 est,
706 2694 791 2773 eujus
805 2693 915 2772 legibus
934 2692 1029 2770 sidera
1051 2699 1199 2771 reguntur.
1216 2692 1327 2766 Quanto

345 2793 464 2856 diriuirls
486 2793 711 2857 Christianorum
735 2795 822 2874 Deus,
848 2798 909 2876 qui,
932 2796 1071 2876 primum,
1094 2796 1164 2856 nihil
1187 2797 1265 2857 extra
1282 2811 1325 2870 se,

346 2900 427 2979 eujus
437 2899 636 2976 misereretur,
654 2907 704 2961 aut
725 2900 755 2960 in
769 2901 847 2980 quod
860 2919 941 2962 suam
956 2899 1140 2981 protenderet
1155 2897 1329 2960 dominatio·

346 3021 424 3080 uero,
446 2993 601 3080 inveniens,
626 3011 705 3065 tanto
725 3003 919 3066 benefaciendi
938 3021 1037 3065 amore
1058 3007 1205 3082 correptus
1228 3009 1281 3078 est,
1298 3007 1330 3061 ut
1377 3046 1380 3049 a

347 3126 393 3170 res
406 3105 561 3186 universas,
575 3115 712 3189 tanquam
725 3109 855 3188 quaedam
865 3127 930 3170 rasa
941 3109 973 3169 iu
988 3127 1051 3190 quae
1062 3106 1225 3185 largitiones
1237 3107 1330 3168 effun-

346 3211 437 3288 deret,
452 3211 506 3272 sibi
526 3211 586 3291 ipse
602 3211 719 3288 struxit3
736 3211 802 3273 dein
817 3212 943 3290 singulas
961 3210 1061 3272 mundi
1075 3216 1172 3292 partes
1186 3209 1251 3273 ided
1264 3207 1330 3272 dili·

349 3313 510 3392 gentissime
524 3312 673 3394 disposuit,
690 3321 718 3376 et
732 3315 889 3392 exornavit,
903 3323 935 3376 ut
1183 3297 1186 3300 ⁴

414 3559 416 3564 .
510 3515 626 3568 Sanctius
639 3517 679 3568 iris
692 3517 795 3579 animal,
809 3521 952 3584 mentisque
966 3517 1085 3583 capacius
1098 3517 1166 3579 alte,

350 3706 510 3784 apostamia
523 3712 609 3770 tantae
618 3707 700 3770 molis
713 3708 748 3770 ad
759 3726 790 3770 se
799 3714 987 3784 eonverteret,
998 3707 1230 3786 haberemusque
1242 3705 1334 3769 domi-

350 3808 445 3872 eilium
469 3810 497 3870 iu
520 3830 578 3891 quo
598 3813 693 3874 omnia
712 3813 792 3876 illurn
814 3813 1011 3894 loquerentur,
1034 3813 1125 3874 donee
1138 3809 1232 3888 nobis
1252 3810 1334 3872 adse

304 3965 305 3970 1
350 3917 490 3994 retractis,
504 3936 535 3980 se
552 3925 641 3980 totum
660 3918 735 3982 Deus
749 3919 899 4005 fruendum
914 3919 1065 4001 preberet.
1082 3918 1138 3982 Sed
1151 3917 1246 4000 ipsum
1261 3917 1334 3999 Sep·

348 4020 460 4083 timiurn
476 4023 511 4084 de
524 4022 569 4085 his
582 4024 769 4086 disserentem
786 4025 886 4086 audire
908 4031 1036 4104 praestat,
1052 4041 1109 4104 quo
1124 4041 1183 4085 non
1204 4021 1288 4098 alius,
1304 4027 1336 4080 ut
