<?xml version="1.0" encoding="UTF-8"?>
<!DOCTYPE html PUBLIC "-//W3C//DTD XHTML 1.0 Transitional//EN"
    "http://www.w3.org/TR/xhtml1/DTD/xhtml1-transitional.dtd">
<html xmlns="http://www.w3.org/1999/xhtml" xml:lang="en" lang="en">
 <head>
  <title>
</title>
<meta http-equiv="Content-Type" content="text/html;charset=utf-8" />
  <meta name='ocr-system' content='tesseract 3.04.00' />
  <meta name='ocr-capabilities' content='ocr_page ocr_carea ocr_par ocr_line ocrx_word'/>
</head>
<body>
  <div class='ocr_page' id='page_1' title='image "./deqsftertullian00marggoog_0044.png"; bbox 0 0 3200 5067; ppageno 0'>
   <div class='ocr_carea' id='block_1_1' title="bbox 368 489 1080 553">
    <p class='ocr_par' dir='ltr' id='par_1_1' title="bbox 368 489 1080 553">
     <span class='ocr_line' id='line_1_1' title="bbox 368 489 1080 553; baseline -0.007 -9"><span class='ocrx_word' id='word_1_1' title='bbox 368 492 402 544; x_wconf 79' lang='lat' dir='ltr'>aa</span> <span class='ocrx_word' id='word_1_2' title='bbox 657 490 698 541; x_wconf 85' lang='lat' dir='ltr'>nn</span> <span class='ocrx_word' id='word_1_3' title='bbox 715 492 744 553; x_wconf 83' lang='lat' dir='ltr'>o.</span> <span class='ocrx_word' id='word_1_4' title='bbox 764 491 790 541; x_wconf 90' lang='lat' dir='ltr'>s.</span> <span class='ocrx_word' id='word_1_5' title='bbox 810 490 839 540; x_wconf 84' lang='lat' dir='ltr'>r.</span> <span class='ocrx_word' id='word_1_6' title='bbox 858 489 1080 541; x_wconf 82' lang='lat' dir='ltr'>rnnrucunuo</span> 
     </span>
    </p>
   </div>
   <div class='ocr_carea' id='block_1_2' title="bbox 368 598 1355 1203">
    <p class='ocr_par' dir='ltr' id='par_1_2' title="bbox 368 598 1355 1203">
     <span class='ocr_line' id='line_1_2' title="bbox 369 598 1354 685; baseline -0.006 -17"><span class='ocrx_word' id='word_1_7' title='bbox 369 605 472 668; x_wconf 87' lang='lat' dir='ltr'>Christi</span> <span class='ocrx_word' id='word_1_8' title='bbox 492 613 618 685; x_wconf 87' lang='lat' dir='ltr'>tempora</span> <span class='ocrx_word' id='word_1_9' title='bbox 641 603 781 682; x_wconf 84' lang='lat' dir='ltr'>ignotum.</span> <span class='ocrx_word' id='word_1_10' title='bbox 798 600 938 679; x_wconf 83' lang='lat' dir='ltr'>Christus,</span> <span class='ocrx_word' id='word_1_11' title='bbox 956 601 1085 664; x_wconf 91' lang='lat' dir='ltr'>omnium</span> <span class='ocrx_word' id='word_1_12' title='bbox 1107 598 1229 681; x_wconf 87' lang='lat' dir='ltr'>primus,</span> <span class='ocrx_word' id='word_1_13' title='bbox 1244 599 1306 677; x_wconf 85' lang='lat' dir='ltr'>llel,</span> <span class='ocrx_word' id='word_1_14' title='bbox 1325 607 1354 662; x_wconf 89' lang='lat' dir='ltr'>ct</span> 
     </span>
     <span class='ocr_line' id='line_1_3' title="bbox 369 703 1352 790; baseline -0.007 -17"><span class='ocrx_word' id='word_1_15' title='bbox 369 710 487 773; x_wconf 89' lang='lat' dir='ltr'>humani</span> <span class='ocrx_word' id='word_1_16' title='bbox 506 708 618 788; x_wconf 76' lang='lat' dir='ltr'>generis</span> <span class='ocrx_word' id='word_1_17' title='bbox 633 714 749 790; x_wconf 89' lang='lat' dir='ltr'>propter</span> <span class='ocrx_word' id='word_1_18' title='bbox 763 708 866 785; x_wconf 86' lang='lat' dir='ltr'>Deum,</span> <span class='ocrx_word' id='word_1_19' title='bbox 889 707 985 770; x_wconf 91' lang='lat' dir='ltr'>docuit</span> <span class='ocrx_word' id='word_1_20' title='bbox 1000 705 1167 768; x_wconf 88' lang='lat' dir='ltr'>charitatem</span> <span class='ocrx_word' id='word_1_21' title='bbox 1182 725 1189 766; x_wconf 94' lang='lat'><strong>:</strong></span> <span class='ocrx_word' id='word_1_22' title='bbox 1212 703 1352 781; x_wconf 87' lang='lat' dir='ltr'>Christus,</span> 
     </span>
     <span class='ocr_line' id='line_1_4' title="bbox 368 802 1354 893; baseline -0.006 -18"><span class='ocrx_word' id='word_1_23' title='bbox 368 812 596 889; x_wconf 89' lang='lat' dir='ltr'>solusomnium,</span> <span class='ocrx_word' id='word_1_24' title='bbox 610 829 765 893; x_wconf 81' lang='lat' dir='ltr'>perennem</span> <span class='ocrx_word' id='word_1_25' title='bbox 776 810 901 874; x_wconf 79' lang='lat' dir='ltr'>condidit</span> <span class='ocrx_word' id='word_1_26' title='bbox 910 802 1065 886; x_wconf 69' lang='lat' dir='ltr'>civitatem,</span> <span class='ocrx_word' id='word_1_27' title='bbox 1074 828 1138 890; x_wconf 83' lang='lat' dir='ltr'>quae</span> <span class='ocrx_word' id='word_1_28' title='bbox 1147 809 1354 871; x_wconf 81' lang='lat' dir='ltr'>sanctissimam</span> 
     </span>
     <span class='ocr_line' id='line_1_5' title="bbox 369 912 1354 996; baseline -0.006 -18"><span class='ocrx_word' id='word_1_29' title='bbox 369 915 514 979; x_wconf 80' lang='lat' dir='ltr'>charitatis</span> <span class='ocrx_word' id='word_1_30' title='bbox 526 916 673 977; x_wconf 85' lang='lat' dir='ltr'>dammam</span> <span class='ocrx_word' id='word_1_31' title='bbox 683 916 818 977; x_wconf 91' lang='lat' dir='ltr'>humanis</span> <span class='ocrx_word' id='word_1_32' title='bbox 831 915 862 976; x_wconf 94' lang='lat' dir='ltr'>in</span> <span class='ocrx_word' id='word_1_33' title='bbox 871 914 1034 996; x_wconf 79' lang='lat' dir='ltr'>pectoribus</span> <span class='ocrx_word' id='word_1_34' title='bbox 1047 930 1163 994; x_wconf 92' lang='lat' dir='ltr'>semper</span> <span class='ocrx_word' id='word_1_35' title='bbox 1172 912 1293 974; x_wconf 84' lang='lat' dir='ltr'>servavit</span> <span class='ocrx_word' id='word_1_36' title='bbox 1305 928 1354 973; x_wconf 88' lang='lat' dir='ltr'>ac-</span> 
     </span>
     <span class='ocr_line' id='line_1_6' title="bbox 368 1014 1355 1100; baseline -0.005 -19"><span class='ocrx_word' id='word_1_37' title='bbox 368 1036 497 1082; x_wconf 89' lang='lat' dir='ltr'>censam.</span> <span class='ocrx_word' id='word_1_38' title='bbox 521 1018 549 1082; x_wconf 87' lang='lat' dir='ltr'>Si</span> <span class='ocrx_word' id='word_1_39' title='bbox 563 1018 639 1080; x_wconf 91' lang='lat' dir='ltr'>enim</span> <span class='ocrx_word' id='word_1_40' title='bbox 656 1017 756 1097; x_wconf 81' lang='lat' dir='ltr'>agendi</span> <span class='ocrx_word' id='word_1_41' title='bbox 771 1024 913 1100; x_wconf 74' lang='lat' dir='ltr'>praecepta</span> <span class='ocrx_word' id='word_1_42' title='bbox 932 1017 1081 1099; x_wconf 79' lang='lat' dir='ltr'>tantopere</span> <span class='ocrx_word' id='word_1_43' title='bbox 1102 1016 1176 1078; x_wconf 84' lang='lat' dir='ltr'>inter</span> <span class='ocrx_word' id='word_1_44' title='bbox 1195 1034 1227 1077; x_wconf 91' lang='lat' dir='ltr'>se</span> <span class='ocrx_word' id='word_1_45' title='bbox 1246 1014 1355 1078; x_wconf 88' lang='lat' dir='ltr'>discre-</span> 
     </span>
     <span class='ocr_line' id='line_1_7' title="bbox 369 1118 1355 1203; baseline -0.004 -19"><span class='ocrx_word' id='word_1_46' title='bbox 369 1130 457 1203; x_wconf 89' lang='lat' dir='ltr'>pant,</span> <span class='ocrx_word' id='word_1_47' title='bbox 486 1128 591 1202; x_wconf 89' lang='lat' dir='ltr'>quanta</span> <span class='ocrx_word' id='word_1_48' title='bbox 614 1122 670 1183; x_wconf 89' lang='lat' dir='ltr'>erit</span> <span class='ocrx_word' id='word_1_49' title='bbox 699 1122 839 1185; x_wconf 87' lang='lat' dir='ltr'>laetorum</span> <span class='ocrx_word' id='word_1_50' title='bbox 862 1120 1081 1186; x_wconf 67' lang='lat' dir='ltr'>dimimihtudo‘l</span> <span class='ocrx_word' id='word_1_51' title='bbox 1104 1118 1250 1200; x_wconf 40' lang='lat' dir='ltr'>Equidem&gt;</span> <span class='ocrx_word' id='word_1_52' title='bbox 1265 1119 1355 1181; x_wconf 87' lang='lat' dir='ltr'>multa</span> 
     </span>
    </p>
   </div>
   <div class='ocr_carea' id='block_1_3' title="bbox 244 1223 1355 1308">
    <p class='ocr_par' dir='ltr' id='par_1_3' title="bbox 244 1223 1355 1308">
     <span class='ocr_line' id='line_1_8' title="bbox 244 1223 1355 1308; baseline -0.001 -21"><span class='ocrx_word' id='word_1_53' title='bbox 244 1252 247 1259; x_wconf 92' lang='lat'>·</span> <span class='ocrx_word' id='word_1_54' title='bbox 369 1225 499 1302; x_wconf 75' lang='lat' dir='ltr'>honeste,</span> <span class='ocrx_word' id='word_1_55' title='bbox 514 1225 573 1288; x_wconf 87' lang='lat' dir='ltr'>imb</span> <span class='ocrx_word' id='word_1_56' title='bbox 588 1226 724 1308; x_wconf 81' lang='lat' dir='ltr'>praeclare</span> <span class='ocrx_word' id='word_1_57' title='bbox 739 1226 811 1289; x_wconf 87' lang='lat' dir='ltr'>lacta</span> <span class='ocrx_word' id='word_1_58' title='bbox 821 1226 908 1288; x_wconf 86' lang='lat' dir='ltr'>luisse</span> <span class='ocrx_word' id='word_1_59' title='bbox 923 1224 1093 1288; x_wconf 85' lang='lat' dir='ltr'>iveteribus</span> <span class='ocrx_word' id='word_1_60' title='bbox 1107 1223 1283 1307; x_wconf 89' lang='lat' dir='ltr'>philosophis</span> <span class='ocrx_word' id='word_1_61' title='bbox 1296 1242 1355 1286; x_wconf 91' lang='lat' dir='ltr'>nou</span> 
     </span>
    </p>
   </div>
   <div class='ocr_carea' id='block_1_4' title="bbox 369 1327 1356 1618">
    <p class='ocr_par' dir='ltr' id='par_1_4' title="bbox 369 1327 1356 1618">
     <span class='ocr_line' id='line_1_9' title="bbox 369 1327 1355 1413; baseline -0.001 -23"><span class='ocrx_word' id='word_1_62' title='bbox 369 1329 551 1409; x_wconf 84' lang='lat' dir='ltr'>negaverim:</span> <span class='ocrx_word' id='word_1_63' title='bbox 567 1330 673 1412; x_wconf 79' lang='lat' dir='ltr'>quippe</span> <span class='ocrx_word' id='word_1_64' title='bbox 691 1327 826 1395; x_wconf 74' lang='lat' dir='ltr'>adieretis</span> <span class='ocrx_word' id='word_1_65' title='bbox 843 1330 1050 1413; x_wconf 90' lang='lat' dir='ltr'>iniquissimam</span> <span class='ocrx_word' id='word_1_66' title='bbox 1074 1328 1246 1391; x_wconf 88' lang='lat' dir='ltr'>calumniam</span> <span class='ocrx_word' id='word_1_67' title='bbox 1266 1328 1355 1391; x_wconf 89' lang='lat' dir='ltr'>multa</span> 
     </span>
     <span class='ocr_line' id='line_1_10' title="bbox 369 1432 1356 1517; baseline 0 -22"><span class='ocrx_word' id='word_1_68' title='bbox 369 1432 405 1495; x_wconf 90' lang='lat' dir='ltr'>de</span> <span class='ocrx_word' id='word_1_69' title='bbox 425 1432 480 1495; x_wconf 74' lang='lat' dir='ltr'>uita</span> <span class='ocrx_word' id='word_1_70' title='bbox 496 1441 646 1516; x_wconf 89' lang='lat' dir='ltr'>morteque</span> <span class='ocrx_word' id='word_1_71' title='bbox 662 1434 785 1499; x_wconf 89' lang='lat' dir='ltr'>Socratis</span> <span class='ocrx_word' id='word_1_72' title='bbox 802 1437 869 1517; x_wconf 87' lang='lat' dir='ltr'>jure</span> <span class='ocrx_word' id='word_1_73' title='bbox 887 1436 1095 1516; x_wconf 81' lang='lat' dir='ltr'>proferrentur,</span> <span class='ocrx_word' id='word_1_74' title='bbox 1118 1440 1233 1514; x_wconf 90' lang='lat' dir='ltr'>totaque</span> <span class='ocrx_word' id='word_1_75' title='bbox 1246 1432 1356 1496; x_wconf 79' lang='lat' dir='ltr'>Stoico-</span> 
     </span>
     <span class='ocr_line' id='line_1_11' title="bbox 369 1537 1354 1618; baseline -0.002 -19"><span class='ocrx_word' id='word_1_76' title='bbox 369 1554 436 1600; x_wconf 89' lang='lat' dir='ltr'>rum</span> <span class='ocrx_word' id='word_1_77' title='bbox 451 1544 528 1601; x_wconf 91' lang='lat' dir='ltr'>secta</span> <span class='ocrx_word' id='word_1_78' title='bbox 543 1538 714 1617; x_wconf 83' lang='lat' dir='ltr'>insurgeret,</span> <span class='ocrx_word' id='word_1_79' title='bbox 739 1539 785 1601; x_wconf 93' lang='lat' dir='ltr'>cui</span> <span class='ocrx_word' id='word_1_80' title='bbox 800 1539 900 1601; x_wconf 89' lang='lat' dir='ltr'>ultima</span> <span class='ocrx_word' id='word_1_81' title='bbox 919 1558 1047 1602; x_wconf 83' lang='lat' dir='ltr'>romanae</span> <span class='ocrx_word' id='word_1_82' title='bbox 1060 1539 1198 1601; x_wconf 86' lang='lat' dir='ltr'>libertatis</span> <span class='ocrx_word' id='word_1_83' title='bbox 1214 1537 1354 1618; x_wconf 85' lang='lat' dir='ltr'>exempla,</span> 
     </span>
    </p>
   </div>
   <div class='ocr_carea' id='block_1_5' title="bbox 264 1641 1354 1725">
    <p class='ocr_par' dir='ltr' id='par_1_5' title="bbox 264 1641 1354 1725">
     <span class='ocr_line' id='line_1_12' title="bbox 264 1641 1354 1725; baseline -0.001 -21"><span class='ocrx_word' id='word_1_84' title='bbox 264 1683 268 1693; x_wconf 83' lang='lat'><strong>·</strong></span> <span class='ocrx_word' id='word_1_85' title='bbox 371 1641 549 1725; x_wconf 87' lang='lat' dir='ltr'>optimosque</span> <span class='ocrx_word' id='word_1_86' title='bbox 563 1643 639 1706; x_wconf 92' lang='lat' dir='ltr'>orbis</span> <span class='ocrx_word' id='word_1_87' title='bbox 649 1644 769 1707; x_wconf 83' lang='lat' dir='ltr'>llomani</span> <span class='ocrx_word' id='word_1_88' title='bbox 782 1644 881 1707; x_wconf 90' lang='lat' dir='ltr'>deberi</span> <span class='ocrx_word' id='word_1_89' title='bbox 895 1644 1026 1707; x_wconf 88' lang='lat' dir='ltr'>dominos</span> <span class='ocrx_word' id='word_1_90' title='bbox 1038 1645 1171 1708; x_wconf 91' lang='lat' dir='ltr'>omnibus</span> <span class='ocrx_word' id='word_1_91' title='bbox 1185 1649 1286 1706; x_wconf 91' lang='lat' dir='ltr'>notum</span> <span class='ocrx_word' id='word_1_92' title='bbox 1300 1648 1354 1704; x_wconf 88' lang='lat' dir='ltr'>est.</span> 
     </span>
    </p>
   </div>
   <div class='ocr_carea' id='block_1_6' title="bbox 370 1746 1362 3600">
    <p class='ocr_par' dir='ltr' id='par_1_6' title="bbox 370 1746 1361 3494">
     <span class='ocr_line' id='line_1_13' title="bbox 370 1746 1357 1832; baseline 0 -23"><span class='ocrx_word' id='word_1_93' title='bbox 370 1746 489 1825; x_wconf 78' lang='lat' dir='ltr'>Verum,</span> <span class='ocrx_word' id='word_1_94' title='bbox 505 1748 619 1811; x_wconf 92' lang='lat' dir='ltr'>utillud</span> <span class='ocrx_word' id='word_1_95' title='bbox 635 1750 782 1812; x_wconf 88' lang='lat' dir='ltr'>omittatur</span> <span class='ocrx_word' id='word_1_96' title='bbox 795 1749 872 1832; x_wconf 89' lang='lat' dir='ltr'>qubd</span> <span class='ocrx_word' id='word_1_97' title='bbox 889 1750 1052 1831; x_wconf 89' lang='lat' dir='ltr'>pancissimi</span> <span class='ocrx_word' id='word_1_98' title='bbox 1066 1750 1137 1812; x_wconf 88' lang='lat' dir='ltr'>vitas</span> <span class='ocrx_word' id='word_1_99' title='bbox 1151 1768 1217 1811; x_wconf 91' lang='lat' dir='ltr'>suas</span> <span class='ocrx_word' id='word_1_100' title='bbox 1231 1748 1267 1810; x_wconf 91' lang='lat' dir='ltr'>ad</span> <span class='ocrx_word' id='word_1_101' title='bbox 1282 1748 1357 1811; x_wconf 81' lang='lat' dir='ltr'>Stoi·</span> 
     </span>
     <span class='ocr_line' id='line_1_14' title="bbox 371 1851 1356 1937; baseline -0.001 -23"><span class='ocrx_word' id='word_1_102' title='bbox 371 1870 471 1914; x_wconf 91' lang='lat' dir='ltr'>corum</span> <span class='ocrx_word' id='word_1_103' title='bbox 486 1858 534 1914; x_wconf 88' lang='lat' dir='ltr'>aut</span> <span class='ocrx_word' id='word_1_104' title='bbox 548 1851 757 1916; x_wconf 89' lang='lat' dir='ltr'>Socraticorum</span> <span class='ocrx_word' id='word_1_105' title='bbox 771 1861 981 1937; x_wconf 77' lang='lat' dir='ltr'>praeceptorum</span> <span class='ocrx_word' id='word_1_106' title='bbox 1002 1872 1134 1917; x_wconf 89' lang='lat' dir='ltr'>normam</span> <span class='ocrx_word' id='word_1_107' title='bbox 1156 1852 1356 1915; x_wconf 90' lang='lat' dir='ltr'>accommoda-</span> 
     </span>
     <span class='ocr_line' id='line_1_15' title="bbox 372 1954 1357 2037; baseline -0.001 -21"><span class='ocrx_word' id='word_1_108' title='bbox 372 1962 490 2032; x_wconf 89' lang='lat' dir='ltr'>verunt,</span> <span class='ocrx_word' id='word_1_109' title='bbox 522 1954 709 2019; x_wconf 87' lang='lat' dir='ltr'>Christianam</span> <span class='ocrx_word' id='word_1_110' title='bbox 735 1958 803 2019; x_wconf 86' lang='lat' dir='ltr'>verb</span> <span class='ocrx_word' id='word_1_111' title='bbox 834 1956 1011 2037; x_wconf 86' lang='lat' dir='ltr'>disciplinam</span> <span class='ocrx_word' id='word_1_112' title='bbox 1037 1957 1178 2018; x_wconf 90' lang='lat' dir='ltr'>immensa</span> <span class='ocrx_word' id='word_1_113' title='bbox 1206 1954 1357 2017; x_wconf 89' lang='lat' dir='ltr'>multitudo</span> 
     </span>
     <span class='ocr_line' id='line_1_16' title="bbox 373 2058 1358 2140; baseline -0.001 -20"><span class='ocrx_word' id='word_1_114' title='bbox 373 2059 503 2140; x_wconf 85' lang='lat' dir='ltr'>amplexa</span> <span class='ocrx_word' id='word_1_115' title='bbox 523 2065 577 2136; x_wconf 86' lang='lat' dir='ltr'>est,</span> <span class='ocrx_word' id='word_1_116' title='bbox 599 2060 663 2139; x_wconf 92' lang='lat' dir='ltr'>quis</span> <span class='ocrx_word' id='word_1_117' title='bbox 677 2058 912 2140; x_wconf 89' lang='lat' dir='ltr'>pbilosophorum</span> <span class='ocrx_word' id='word_1_118' title='bbox 931 2061 1015 2122; x_wconf 79' lang='lat' dir='ltr'>utam</span> <span class='ocrx_word' id='word_1_119' title='bbox 1031 2078 1096 2122; x_wconf 91' lang='lat' dir='ltr'>cum</span> <span class='ocrx_word' id='word_1_120' title='bbox 1112 2059 1168 2121; x_wconf 79' lang='lat' dir='ltr'>vita</span> <span class='ocrx_word' id='word_1_121' title='bbox 1182 2058 1358 2121; x_wconf 85' lang='lat' dir='ltr'>Christiano-</span> 
     </span>
     <span class='ocr_line' id='line_1_17' title="bbox 371 2161 1356 2244; baseline -0.001 -20"><span class='ocrx_word' id='word_1_122' title='bbox 371 2181 438 2224; x_wconf 94' lang='lat' dir='ltr'>rum</span> <span class='ocrx_word' id='word_1_123' title='bbox 452 2162 590 2240; x_wconf 89' lang='lat' dir='ltr'>conlerat,</span> <span class='ocrx_word' id='word_1_124' title='bbox 605 2162 757 2225; x_wconf 80' lang='lat' dir='ltr'>Alcibiadis</span> <span class='ocrx_word' id='word_1_125' title='bbox 770 2163 907 2242; x_wconf 84' lang='lat' dir='ltr'>amicum,</span> <span class='ocrx_word' id='word_1_126' title='bbox 926 2164 969 2225; x_wconf 88' lang='lat' dir='ltr'>vel</span> <span class='ocrx_word' id='word_1_127' title='bbox 991 2164 1028 2244; x_wconf 91' lang='lat' dir='ltr'>(si</span> <span class='ocrx_word' id='word_1_128' title='bbox 1043 2163 1154 2225; x_wconf 90' lang='lat' dir='ltr'>Platoni</span> <span class='ocrx_word' id='word_1_129' title='bbox 1168 2161 1356 2240; x_wconf 90' lang='lat' dir='ltr'>credendum)</span> 
     </span>
     <span class='ocr_line' id='line_1_18' title="bbox 373 2264 1356 2348; baseline -0.002 -21"><span class='ocrx_word' id='word_1_130' title='bbox 373 2272 542 2340; x_wconf 86' lang='lat' dir='ltr'>amatorem,</span> <span class='ocrx_word' id='word_1_131' title='bbox 564 2283 629 2326; x_wconf 93' lang='lat' dir='ltr'>cum</span> <span class='ocrx_word' id='word_1_132' title='bbox 651 2265 803 2347; x_wconf 90' lang='lat' dir='ltr'>purissimo</span> <span class='ocrx_word' id='word_1_133' title='bbox 826 2285 910 2347; x_wconf 93' lang='lat' dir='ltr'>quem</span> <span class='ocrx_word' id='word_1_134' title='bbox 934 2266 1017 2332; x_wconf 81' lang='lat' dir='ltr'>lesus</span> <span class='ocrx_word' id='word_1_135' title='bbox 1041 2266 1139 2329; x_wconf 81' lang='lat' dir='ltr'>dilexit</span> <span class='ocrx_word' id='word_1_136' title='bbox 1153 2265 1302 2348; x_wconf 86' lang='lat' dir='ltr'>discipulo,</span> <span class='ocrx_word' id='word_1_137' title='bbox 1318 2264 1356 2326; x_wconf 91' lang='lat' dir='ltr'>ll.</span> 
     </span>
     <span class='ocr_line' id='line_1_19' title="bbox 372 2370 1360 2454; baseline -0.001 -22"><span class='ocrx_word' id='word_1_138' title='bbox 372 2370 520 2433; x_wconf 81' lang='lat' dir='ltr'>Aurelium</span> <span class='ocrx_word' id='word_1_139' title='bbox 540 2388 604 2433; x_wconf 91' lang='lat' dir='ltr'>cum</span> <span class='ocrx_word' id='word_1_140' title='bbox 626 2372 656 2435; x_wconf 88' lang='lat' dir='ltr'>S.</span> <span class='ocrx_word' id='word_1_141' title='bbox 681 2370 835 2449; x_wconf 85' lang='lat' dir='ltr'>Ludovico,</span> <span class='ocrx_word' id='word_1_142' title='bbox 857 2372 935 2433; x_wconf 91' lang='lat' dir='ltr'>illam</span> <span class='ocrx_word' id='word_1_143' title='bbox 957 2372 1120 2454; x_wconf 88' lang='lat' dir='ltr'>superbiam</span> <span class='ocrx_word' id='word_1_144' title='bbox 1144 2391 1210 2435; x_wconf 93' lang='lat' dir='ltr'>cum</span> <span class='ocrx_word' id='word_1_145' title='bbox 1232 2373 1285 2433; x_wconf 80' lang='lat' dir='ltr'>hac</span> <span class='ocrx_word' id='word_1_146' title='bbox 1303 2371 1360 2432; x_wconf 93' lang='lat' dir='ltr'>hu·</span> 
     </span>
     <span class='ocr_line' id='line_1_20' title="bbox 373 2472 1360 2557; baseline 0.002 -24"><span class='ocrx_word' id='word_1_147' title='bbox 373 2472 503 2550; x_wconf 87' lang='lat' dir='ltr'>militate,</span> <span class='ocrx_word' id='word_1_148' title='bbox 519 2473 581 2536; x_wconf 90' lang='lat' dir='ltr'>illas</span> <span class='ocrx_word' id='word_1_149' title='bbox 601 2483 676 2543; x_wconf 89' lang='lat' dir='ltr'>artes</span> <span class='ocrx_word' id='word_1_150' title='bbox 689 2476 941 2557; x_wconf 88' lang='lat' dir='ltr'>simulationesquc</span> <span class='ocrx_word' id='word_1_151' title='bbox 962 2476 1050 2539; x_wconf 88' lang='lat' dir='ltr'>animi</span> <span class='ocrx_word' id='word_1_152' title='bbox 1063 2475 1211 2539; x_wconf 88' lang='lat' dir='ltr'>-labulosos</span> <span class='ocrx_word' id='word_1_153' title='bbox 1225 2476 1297 2537; x_wconf 85' lang='lat' dir='ltr'>bees</span> <span class='ocrx_word' id='word_1_154' title='bbox 1311 2492 1360 2536; x_wconf 90' lang='lat' dir='ltr'>co-</span> 
     </span>
     <span class='ocr_line' id='line_1_21' title="bbox 374 2577 1359 2661; baseline 0.002 -25"><span class='ocrx_word' id='word_1_155' title='bbox 374 2593 436 2637; x_wconf 90' lang='lat' dir='ltr'>ram</span> <span class='ocrx_word' id='word_1_156' title='bbox 460 2577 565 2658; x_wconf 92' lang='lat' dir='ltr'>populo</span> <span class='ocrx_word' id='word_1_157' title='bbox 585 2578 716 2655; x_wconf 90' lang='lat' dir='ltr'>colentis,</span> <span class='ocrx_word' id='word_1_158' title='bbox 735 2579 814 2640; x_wconf 78' lang='lat' dir='ltr'>intus</span> <span class='ocrx_word' id='word_1_159' title='bbox 828 2579 985 2657; x_wconf 89' lang='lat' dir='ltr'>irridentis,</span> <span class='ocrx_word' id='word_1_160' title='bbox 999 2598 1064 2642; x_wconf 93' lang='lat' dir='ltr'>cum</span> <span class='ocrx_word' id='word_1_161' title='bbox 1079 2582 1135 2643; x_wconf 76' lang='lat' dir='ltr'>bac</span> <span class='ocrx_word' id='word_1_162' title='bbox 1146 2579 1251 2661; x_wconf 89' lang='lat' dir='ltr'>pietate</span> <span class='ocrx_word' id='word_1_163' title='bbox 1268 2577 1359 2640; x_wconf 86' lang='lat' dir='ltr'>Deum</span> 
     </span>
     <span class='ocr_line' id='line_1_22' title="bbox 373 2681 1360 2766; baseline 0.002 -23"><span class='ocrx_word' id='word_1_164' title='bbox 373 2681 566 2744; x_wconf 82' lang='lat' dir='ltr'>amantissime</span> <span class='ocrx_word' id='word_1_165' title='bbox 588 2684 728 2765; x_wconf 77' lang='lat' dir='ltr'>amplexa,</span> <span class='ocrx_word' id='word_1_166' title='bbox 751 2691 779 2745; x_wconf 90' lang='lat' dir='ltr'>et</span> <span class='ocrx_word' id='word_1_167' title='bbox 794 2703 857 2747; x_wconf 88' lang='lat' dir='ltr'>sese</span> <span class='ocrx_word' id='word_1_168' title='bbox 873 2704 926 2766; x_wconf 90' lang='lat' dir='ltr'>pro</span> <span class='ocrx_word' id='word_1_169' title='bbox 945 2685 1062 2746; x_wconf 91' lang='lat' dir='ltr'>humani</span> <span class='ocrx_word' id='word_1_170' title='bbox 1076 2683 1189 2762; x_wconf 83' lang='lat' dir='ltr'>generis</span> <span class='ocrx_word' id='word_1_171' title='bbox 1203 2684 1294 2744; x_wconf 91' lang='lat' dir='ltr'>salute</span> <span class='ocrx_word' id='word_1_172' title='bbox 1307 2682 1360 2745; x_wconf 93' lang='lat' dir='ltr'>de-</span> 
     </span>
     <span class='ocr_line' id='line_1_23' title="bbox 374 2785 1360 2869; baseline 0.003 -25"><span class='ocrx_word' id='word_1_173' title='bbox 374 2785 491 2847; x_wconf 90' lang='lat' dir='ltr'>vovendi</span> <span class='ocrx_word' id='word_1_174' title='bbox 510 2786 622 2868; x_wconf 83' lang='lat' dir='ltr'>cupida.</span> <span class='ocrx_word' id='word_1_175' title='bbox 646 2787 725 2849; x_wconf 90' lang='lat' dir='ltr'>llanc</span> <span class='ocrx_word' id='word_1_176' title='bbox 748 2787 856 2849; x_wconf 81' lang='lat' dir='ltr'>vivendi</span> <span class='ocrx_word' id='word_1_177' title='bbox 880 2787 1138 2850; x_wconf 89' lang='lat' dir='ltr'>dissimilitudinem</span> <span class='ocrx_word' id='word_1_178' title='bbox 1159 2806 1246 2869; x_wconf 91' lang='lat' dir='ltr'>quam</span> <span class='ocrx_word' id='word_1_179' title='bbox 1265 2788 1360 2848; x_wconf 72' lang='lat' dir='ltr'>alcre-</span> 
     </span>
     <span class='ocr_line' id='line_1_24' title="bbox 375 2888 1361 2973; baseline 0.001 -22"><span class='ocrx_word' id='word_1_180' title='bbox 375 2888 474 2952; x_wconf 86' lang='lat' dir='ltr'>sdendl</span> <span class='ocrx_word' id='word_1_181' title='bbox 494 2890 649 2953; x_wconf 75' lang='lat' dir='ltr'>differentia</span> <span class='ocrx_word' id='word_1_182' title='bbox 670 2891 827 2972; x_wconf 84' lang='lat' dir='ltr'>procedere</span> <span class='ocrx_word' id='word_1_183' title='bbox 846 2892 1034 2969; x_wconf 88' lang='lat' dir='ltr'>ostendirnus,</span> <span class='ocrx_word' id='word_1_184' title='bbox 1059 2901 1208 2973; x_wconf 85' lang='lat' dir='ltr'>postquam</span> <span class='ocrx_word' id='word_1_185' title='bbox 1231 2891 1361 2973; x_wconf 87' lang='lat' dir='ltr'>plurimis</span> 
     </span>
     <span class='ocr_line' id='line_1_25' title="bbox 374 2992 1359 3079; baseline 0.001 -22"><span class='ocrx_word' id='word_1_186' title='bbox 374 2992 527 3076; x_wconf 87' lang='lat' dir='ltr'>Septimius</span> <span class='ocrx_word' id='word_1_187' title='bbox 541 2997 717 3059; x_wconf 84' lang='lat' dir='ltr'>confirmavit</span> <span class='ocrx_word' id='word_1_188' title='bbox 734 2997 882 3079; x_wconf 85' lang='lat' dir='ltr'>exemplis,</span> <span class='ocrx_word' id='word_1_189' title='bbox 898 2997 968 3059; x_wconf 73' lang='lat' dir='ltr'>seith</span> <span class='ocrx_word' id='word_1_190' title='bbox 989 2998 1058 3059; x_wconf 94' lang='lat' dir='ltr'>illud</span> <span class='ocrx_word' id='word_1_191' title='bbox 1071 2997 1149 3060; x_wconf 92' lang='lat' dir='ltr'>addit</span> <span class='ocrx_word' id='word_1_192' title='bbox 1162 2998 1240 3079; x_wconf 94' lang='lat' dir='ltr'>quod</span> <span class='ocrx_word' id='word_1_193' title='bbox 1253 3004 1359 3072; x_wconf 88' lang='lat' dir='ltr'>totum,</span> 
     </span>
     <span class='ocr_line' id='line_1_26' title="bbox 374 3099 1359 3182; baseline 0.002 -23"><span class='ocrx_word' id='word_1_194' title='bbox 374 3101 438 3160; x_wconf 81' lang='lat' dir='ltr'>mea</span> <span class='ocrx_word' id='word_1_195' title='bbox 460 3099 575 3179; x_wconf 91' lang='lat' dir='ltr'>quidem</span> <span class='ocrx_word' id='word_1_196' title='bbox 597 3101 747 3177; x_wconf 80' lang='lat' dir='ltr'>sententia,</span> <span class='ocrx_word' id='word_1_197' title='bbox 774 3100 883 3162; x_wconf 90' lang='lat' dir='ltr'>dirimit</span> <span class='ocrx_word' id='word_1_198' title='bbox 908 3102 1159 3163; x_wconf 86' lang='lat' dir='ltr'>controversiam:</span> <span class='ocrx_word' id='word_1_199' title='bbox 1187 3100 1280 3163; x_wconf 75' lang='lat' dir='ltr'>«Non</span> <span class='ocrx_word' id='word_1_200' title='bbox 1297 3102 1359 3182; x_wconf 78' lang='lat' dir='ltr'>jam</span> 
     </span>
     <span class='ocr_line' id='line_1_27' title="bbox 378 3200 1361 3286; baseline 0.003 -24"><span class='ocrx_word' id='word_1_201' title='bbox 378 3220 394 3262; x_wconf 86' lang='lat'>‹</span> <span class='ocrx_word' id='word_1_202' title='bbox 417 3200 588 3263; x_wconf 84' lang='lat' dir='ltr'>Christianos</span> <span class='ocrx_word' id='word_1_203' title='bbox 602 3202 701 3265; x_wconf 88' lang='lat' dir='ltr'>haben&#39;</span> <span class='ocrx_word' id='word_1_204' title='bbox 715 3205 764 3284; x_wconf 89' lang='lat' dir='ltr'>qui</span> <span class='ocrx_word' id='word_1_205' title='bbox 778 3205 856 3286; x_wconf 88' lang='lat' dir='ltr'>apud</span> <span class='ocrx_word' id='word_1_206' title='bbox 870 3223 924 3267; x_wconf 93' lang='lat' dir='ltr'>nos</span> <span class='ocrx_word' id='word_1_207' title='bbox 938 3204 1003 3267; x_wconf 88' lang='lat' dir='ltr'>talia</span> <span class='ocrx_word' id='word_1_208' title='bbox 1016 3206 1135 3268; x_wconf 83' lang='lat' dir='ltr'>iecerint</span> <span class='ocrx_word' id='word_1_209' title='bbox 1147 3206 1241 3286; x_wconf 92' lang='lat' dir='ltr'>qualia</span> <span class='ocrx_word' id='word_1_210' title='bbox 1252 3204 1282 3266; x_wconf 94' lang='lat' dir='ltr'>in</span> <span class='ocrx_word' id='word_1_211' title='bbox 1298 3204 1361 3285; x_wconf 93' lang='lat' dir='ltr'>pbi-</span> 
     </span>
     <span class='ocr_line' id='line_1_28' title="bbox 380 3302 1357 3391; baseline 0.006 -27"><span class='ocrx_word' id='word_1_212' title='bbox 380 3322 396 3364; x_wconf 84' lang='lat'><strong>‹</strong></span> <span class='ocrx_word' id='word_1_213' title='bbox 418 3302 543 3385; x_wconf 89' lang='lat' dir='ltr'>losopbis</span> <span class='ocrx_word' id='word_1_214' title='bbox 557 3306 748 3385; x_wconf 89' lang='lat' dir='ltr'>reperiantur,</span> <span class='ocrx_word' id='word_1_215' title='bbox 770 3309 956 3391; x_wconf 91' lang='lat' dir='ltr'>philosophos</span> <span class='ocrx_word' id='word_1_216' title='bbox 967 3313 1046 3387; x_wconf 83' lang='lat' dir='ltr'>verb,</span> <span class='ocrx_word' id='word_1_217' title='bbox 1062 3329 1127 3372; x_wconf 93' lang='lat' dir='ltr'>cum</span> <span class='ocrx_word' id='word_1_218' title='bbox 1143 3308 1245 3371; x_wconf 89' lang='lat' dir='ltr'>talibus</span> <span class='ocrx_word' id='word_1_219' title='bbox 1263 3308 1357 3385; x_wconf 87' lang='lat' dir='ltr'>lactis,</span> 
     </span>
     <span class='ocr_line' id='line_1_29' title="bbox 379 3405 1209 3494; baseline 0.007 -28"><span class='ocrx_word' id='word_1_220' title='bbox 379 3424 395 3466; x_wconf 81' lang='lat' dir='ltr'>r</span> <span class='ocrx_word' id='word_1_221' title='bbox 417 3405 446 3466; x_wconf 95' lang='lat' dir='ltr'>in</span> <span class='ocrx_word' id='word_1_222' title='bbox 463 3405 578 3467; x_wconf 87' lang='lat' dir='ltr'>nominc</span> <span class='ocrx_word' id='word_1_223' title='bbox 591 3414 621 3470; x_wconf 90' lang='lat' dir='ltr'>et</span> <span class='ocrx_word' id='word_1_224' title='bbox 634 3408 743 3471; x_wconf 90' lang='lat' dir='ltr'>honore</span> <span class='ocrx_word' id='word_1_225' title='bbox 759 3412 905 3493; x_wconf 80' lang='lat' dir='ltr'>sapientiae</span> <span class='ocrx_word' id='word_1_226' title='bbox 918 3431 1101 3494; x_wconf 86' lang='lat' dir='ltr'>perseverare</span> <span class='ocrx_word' id='word_1_227' title='bbox 1117 3413 1177 3493; x_wconf 89' lang='lat' dir='ltr'>(l).</span> <span class='ocrx_word' id='word_1_228' title='bbox 1194 3432 1209 3473; x_wconf 84' lang='lat' dir='ltr'>n</span> 
     </span>
    </p>

    <p class='ocr_par' dir='ltr' id='par_1_7' title="bbox 419 3511 1362 3600">
     <span class='ocr_line' id='line_1_30' title="bbox 419 3511 1362 3600; baseline 0.005 -28"><span class='ocrx_word' id='word_1_229' title='bbox 419 3511 519 3574; x_wconf 78' lang='lat' dir='ltr'>Merito</span> <span class='ocrx_word' id='word_1_230' title='bbox 539 3512 627 3592; x_wconf 87' lang='lat' dir='ltr'>igitur</span> <span class='ocrx_word' id='word_1_231' title='bbox 644 3516 781 3579; x_wconf 87' lang='lat' dir='ltr'>exclamat</span> <span class='ocrx_word' id='word_1_232' title='bbox 802 3517 980 3600; x_wconf 86' lang='lat' dir='ltr'>Septimius:</span> <span class='ocrx_word' id='word_1_233' title='bbox 1005 3520 1070 3600; x_wconf 88' lang='lat' dir='ltr'>quid</span> <span class='ocrx_word' id='word_1_234' title='bbox 1082 3518 1173 3579; x_wconf 67' lang='lat' dir='ltr'>amite</span> <span class='ocrx_word' id='word_1_235' title='bbox 1186 3518 1362 3599; x_wconf 80' lang='lat' dir='ltr'>philosophae</span> 
     </span>
    </p>
   </div>
   <div class='ocr_carea' id='block_1_7' title="bbox 378 3616 1364 3914">
    <p class='ocr_par' dir='ltr' id='par_1_8' title="bbox 378 3616 1364 3914">
     <span class='ocr_line' id='line_1_31' title="bbox 378 3616 1362 3704; baseline 0.004 -27"><span class='ocrx_word' id='word_1_236' title='bbox 378 3624 403 3677; x_wconf 89' lang='lat' dir='ltr'>et</span> <span class='ocrx_word' id='word_1_237' title='bbox 420 3616 616 3681; x_wconf 77' lang='lat' dir='ltr'>Christiania?</span> <span class='ocrx_word' id='word_1_238' title='bbox 630 3620 744 3687; x_wconf 79' lang='lat' dir='ltr'>Groeeie</span> <span class='ocrx_word' id='word_1_239' title='bbox 766 3624 914 3704; x_wconf 82' lang='lat' dir='ltr'>discipulus</span> <span class='ocrx_word' id='word_1_240' title='bbox 935 3633 961 3686; x_wconf 85' lang='lat' dir='ltr'>et</span> <span class='ocrx_word' id='word_1_241' title='bbox 977 3624 1038 3686; x_wconf 83' lang='lat' dir='ltr'>coeli</span> <span class='ocrx_word' id='word_1_242' title='bbox 1059 3623 1124 3703; x_wconf 67' lang='lat' dir='ltr'>(ill</span> <span class='ocrx_word' id='word_1_243' title='bbox 1137 3622 1299 3684; x_wconf 91' lang='lat' dir='ltr'>absolutum</span> <span class='ocrx_word' id='word_1_244' title='bbox 1317 3627 1362 3683; x_wconf 89' lang='lat' dir='ltr'>est</span> 
     </span>
     <span class='ocr_line' id='line_1_32' title="bbox 379 3719 1364 3807; baseline 0.005 -27"><span class='ocrx_word' id='word_1_245' title='bbox 379 3719 458 3781; x_wconf 87' lang='lat' dir='ltr'>illam</span> <span class='ocrx_word' id='word_1_246' title='bbox 482 3721 658 3806; x_wconf 91' lang='lat' dir='ltr'>disciplinam</span> <span class='ocrx_word' id='word_1_247' title='bbox 674 3725 704 3786; x_wconf 94' lang='lat' dir='ltr'>in</span> <span class='ocrx_word' id='word_1_248' title='bbox 721 3744 807 3807; x_wconf 87' lang='lat' dir='ltr'>quam</span> <span class='ocrx_word' id='word_1_249' title='bbox 832 3728 899 3790; x_wconf 90' lang='lat' dir='ltr'>totis</span> <span class='ocrx_word' id='word_1_250' title='bbox 918 3728 1024 3791; x_wconf 84' lang='lat' dir='ltr'>viribus</span> <span class='ocrx_word' id='word_1_251' title='bbox 1045 3744 1196 3790; x_wconf 88' lang='lat' dir='ltr'>romanum</span> <span class='ocrx_word' id='word_1_252' title='bbox 1210 3724 1364 3787; x_wconf 85' lang='lat' dir='ltr'>insurrexit</span> 
     </span>
     <span class='ocr_line' id='line_1_33' title="bbox 379 3823 1361 3914; baseline 0.006 -29"><span class='ocrx_word' id='word_1_253' title='bbox 379 3823 543 3905; x_wconf 88' lang='lat' dir='ltr'>imperium,</span> <span class='ocrx_word' id='word_1_254' title='bbox 565 3846 622 3890; x_wconf 95' lang='lat' dir='ltr'>non</span> <span class='ocrx_word' id='word_1_255' title='bbox 644 3830 852 3912; x_wconf 88' lang='lat' dir='ltr'>philosophiam</span> <span class='ocrx_word' id='word_1_256' title='bbox 878 3851 940 3897; x_wconf 88' lang='lat' dir='ltr'>esse</span> <span class='ocrx_word' id='word_1_257' title='bbox 962 3834 1046 3914; x_wconf 80' lang='lat' dir='ltr'>paulo</span> <span class='ocrx_word' id='word_1_258' title='bbox 1070 3833 1179 3897; x_wconf 85' lang='lat' dir='ltr'>caeteris</span> <span class='ocrx_word' id='word_1_259' title='bbox 1200 3830 1361 3904; x_wconf 90' lang='lat' dir='ltr'>meliorem,</span> 
     </span>
    </p>
   </div>
   <div class='ocr_carea' id='block_1_8' title="bbox 413 4025 634 4183">
    <p class='ocr_par' dir='ltr' id='par_1_9' title="bbox 413 4025 634 4183">
     <span class='ocr_line' id='line_1_34' title="bbox 413 4025 634 4093; baseline 0.027 -18"><span class='ocrx_word' id='word_1_260' title='bbox 413 4025 447 4090; x_wconf 80' lang='lat' dir='ltr'>(t)</span> <span class='ocrx_word' id='word_1_261' title='bbox 461 4027 547 4091; x_wconf 77' lang='lat' dir='ltr'>Apol,</span> <span class='ocrx_word' id='word_1_262' title='bbox 563 4029 575 4093; x_wconf 68' lang='lat' dir='ltr'>t</span> <span class='ocrx_word' id='word_1_263' title='bbox 591 4031 634 4081; x_wconf 83' lang='lat' dir='ltr'>tu.</span> 
     </span>
     <span class='ocr_line' id='line_1_35' title="bbox 413 4116 558 4183; baseline -0.021 -14"><span class='ocrx_word' id='word_1_264' title='bbox 413 4116 447 4183; x_wconf 67' lang='lat' dir='ltr'>(h)</span> <span class='ocrx_word' id='word_1_265' title='bbox 464 4118 506 4171; x_wconf 83' lang='lat' dir='ltr'>td.</span> <span class='ocrx_word' id='word_1_266' title='bbox 520 4120 558 4171; x_wconf 77' lang='lat' dir='ltr'>ib..</span> 
     </span>
    </p>
   </div>
   <div class='ocr_carea' id='block_1_9' title="bbox 0 0 1616 5067">
    <p class='ocr_par' dir='ltr' id='par_1_10' title="bbox 0 0 1616 5067">
     <span class='ocr_line' id='line_1_36' title="bbox 0 0 1616 5067; baseline 0 0"><span class='ocrx_word' id='word_1_267' title='bbox 0 0 1616 5067; x_wconf 95' lang='lat' dir='ltr'> </span> 
     </span>
    </p>
   </div>
  </div>
 </body>
</html>
