3200 5067
513 492 696 547 oroscunbtt
713 492 975 547 ruinosountcutt.
1198 497 1255 552 45.

253 608 281 669 iu
302 608 396 670 latiniis
414 607 514 669 litteris
534 607 674 671 scribendi
694 626 785 685 genus
806 609 903 688 postet
919 607 1130 671 usitatissimum
1151 611 1233 691 quasi

251 694 413 789 inauguret.
428 708 543 771 Nullum
556 710 630 773 enim
641 710 699 771 lert
709 710 784 773 inter
794 710 961 772 subsecutos
971 710 1081 788 Patres,
1091 715 1233 777 omnium-

252 832 309 893 que
322 820 436 875 aetatum
452 833 539 897 nsque
552 816 586 877 ad
603 835 656 878 nos
667 816 797 884 doctores
811 816 948 894 invenias,
962 817 1011 897 qui
1022 815 1053 878 in
1062 818 1233 883 elucidandis

251 917 406 999 Soripturis
419 921 674 1002 expromeudisque
693 920 932 985 reconditioribus
947 915 1166 1012 ejus'sensibus,
1179 939 1233 1003 pro

250 1020 321 1084 uirili
335 1032 416 1104 parte
430 1043 489 1087 nou
502 1026 699 1089 elaboraverit.
716 1026 747 1087 ln
763 1044 832 1107 quo,
847 1024 902 1087 etsi
915 1043 1131 1106 nonnumquam
1147 1028 1234 1107 (utlit

250 1128 326 1207 apud
349 1132 601 1211 commentatores)
624 1131 710 1193 nimia
730 1130 885 1193 subtilitate
909 1138 1057 1212 peceatum
1080 1139 1139 1208 est,
1163 1132 1232 1196 daim

250 1229 366 1309 singulae
380 1232 492 1313 syllabae
510 1236 714 1317 ponderantur,
728 1242 814 1317 atque
832 1236 862 1296 in
874 1234 992 1314 singulis
1003 1236 1148 1300 versieulis
1162 1237 1232 1299 olle-

249 1336 363 1412 porioas,
381 1339 569 1419 tropologicus,
586 1342 715 1421 mysticae
732 1360 834 1404 sensus
847 1340 1017 1422 exquiritur,
1031 1348 1128 1404 mmen
1141 1342 1231 1424 Cbrq-

249 1442 520 1517 sostomiHorniliaa,
536 1447 687 1527 Augustini
695 1449 727 1509 ia
738 1448 864 1510 Psalmoa
873 1454 1017 1523 troototaa,
1027 1445 1232 1508 bonaventurae

246 1546 436 1611 limitationes
450 1550 513 1610 oitae
527 1547 642 1619 Christi,
661 1549 800 1613 Bossuetii
817 1551 849 1611 de
868 1548 1016 1628 Eoonpetio
1031 1546 1228 1616 Meditotionee,

245 1652 309 1733 quis
332 1661 415 1733 neget
436 1670 512 1714 nuno
532 1654 699 1715 altissimam
722 1651 758 1717 de
778 1654 865 1717 rebus
881 1654 980 1716 divinis
1002 1653 1148 1716 continere
1160 1652 1230 1715 doo-

246 1758 363 1835 trinam,
381 1776 459 1821 nuno
472 1757 620 1820 utilissima
635 1758 671 1820 ad
684 1757 758 1819 bend
778 1757 928 1821 vivendum
945 1765 1085 1839 precepta
1098 1757 1230 1821 omnibus

246 1861 372 1924 offerre?

285 1964 328 2027 Tu
351 1970 419 2046 ergb
442 1984 500 2030 non
522 1968 584 2031 sine
603 1969 759 2031 reverentia
784 1968 822 2030 ad
844 1968 926 2030 illum
949 1968 1066 2030 aoeedas
1087 1968 1228 2048 rivulum,

246 2072 322 2133 unde
336 2078 413 2135 tanta
427 2091 515 2136 sacrae
529 2074 698 2155 eloquentiae
712 2074 747 2136 ad
762 2092 816 2135 nos
829 2073 947 2135 flumina
956 2080 1120 2136 manarunt.
1132 2072 1230 2153 Neque

244 2177 363 2255 legentis
384 2177 556 2256 diligentiam
574 2179 727 2241 oblectatio
747 2180 912 2259 fructusque
930 2196 989 2239 non
1008 2178 1078 2239 satis
1093 2196 1229 2239 remune-

243 2282 363 2361 rabunt;
379 2300 485 2364 neque,
502 2284 526 2345 si
540 2302 605 2347 oum
619 2284 667 2347 illo
685 2284 814 2365 ejusdem
828 2283 904 2346 tituli
916 2282 1073 2345 libelluma
1089 2280 1227 2363 Cypriane

242 2388 435 2471 conscriptum
446 2437 454 2468 ,
467 2389 598 2451 conterre
608 2389 734 2467 libuerit,
747 2390 916 2469 magistrum
927 2390 943 2450 a
953 2388 1092 2470 discipulo
1105 2405 1225 2468 supera-

243 2501 303 2555 tum
315 2494 451 2557 invenies.
467 2492 592 2577 Simplex
603 2502 657 2573 est,
673 2488 704 2557 et
714 2495 836 2573 luridus,
852 2502 882 2559 et
898 2492 1065 2576 supervacui
1073 2492 1226 2556 uerborum

244 2602 362 2662 ornatus
383 2620 500 2683 expers3
519 2602 615 2663 omnia
636 2601 810 2683 apostolum,
825 2601 905 2662 nulla
920 2601 1065 2662 rhetorem
1085 2597 1225 2660 redolent.

120 2701 122 2705 ’
243 2706 328 2782 Audi,
353 2724 391 2768 ne
400 2706 539 2788 judicium
554 2708 657 2769 indiott
682 2710 767 2769 eausa
781 2706 868 2781 seras,
887 2705 990 2786 quibus
1006 2703 1100 2768 verbis
1111 2700 1226 2764 tertiam

244 2806 392 2871 dominicae
412 2812 548 2874 orationis
569 2812 733 2894 petitionem
756 2813 905 2893 explanet:
924 2810 1021 2873 «rte
1038 2807 1163 2869 oolaetoa
1178 2813 1226 2867 tao

221 2970 223 2975 ,
247 2926 263 2967 a
285 2908 446 2971 irretiret
465 2912 595 2985 interro,
623 2932 679 2977 non
703 2914 780 2996 quod
797 2913 899 2996 aliquis
919 2912 1049 2989 obsistat,
1072 2910 1226 2992 quominds

247 3031 263 3073 a
284 3012 414 3076 voluntas
433 3014 483 3077 Ilei
503 3016 564 3094 fiat,
583 3025 612 3078 et
625 3019 650 3079 ei
670 3036 838 3080 successum
860 3015 1010 3079 uoluntatis
1023 3032 1083 3077 sua
1096 3029 1225 3086 oremus,

246 3137 262 3178 a
284 3118 334 3180 sed
350 3119 380 3181 iu
394 3120 525 3183 omnibus
540 3124 662 3204 petimus
675 3124 738 3186 lieri
751 3123 926 3186 voluntatem
940 3122 1015 3202 ejus.
1029 3119 1070 3181 Ex
1083 3117 1225 3197 interpre-

246 3241 261 3283 t
283 3223 389 3286 tatione
409 3225 485 3287 enim
499 3229 618 3307 figurata
640 3231 734 3293 earnis
748 3237 776 3291 et
790 3228 921 3311 spiritus,
938 3245 991 3289 uos
1005 3243 1106 3288 sumus
1119 3222 1223 3287 eaelum

245 3343 261 3385 a
283 3331 312 3385 et
325 3332 412 3387 terra.
429 3326 618 3413 Quamquam,
636 3331 689 3394 etsi
703 3330 869 3412 simpliciter
884 3330 1068 3409 intelligatur,
1083 3330 1159 3393 idem
1176 3337 1223 3392 ta·

243 3450 259 3492 a
282 3450 348 3495 men
371 3440 415 3495 est
437 3450 536 3496 sensus
556 3433 709 3515 petitionis,
725 3440 757 3494 ut
771 3432 800 3494 in
821 3431 903 3495 nobis
924 3430 1222 3499 liatvoluntaslieiin

243 3560 259 3602 a
281 3540 377 3619 terris,
393 3548 425 3603 ut
440 3541 531 3623 possit
546 3542 653 3604 seilicet
673 3541 735 3603 lieri
759 3547 788 3603 et
807 3540 837 3601 in
851 3539 941 3603 omlis.
957 3538 1031 3613 Qud
1051 3543 1146 3601 autem
1162 3535 1223 3597 vult

244 3664 258 3706 a
279 3644 366 3723 Deus,
381 3646 468 3727 quam
482 3645 615 3708 incedere
629 3664 682 3707 nos
695 3645 853 3707 seeundum
864 3661 946 3705 suam
959 3638 1158 3729 disciplinam?
1169 3638 1222 3701 re

243 3767 258 3809 ι
280 3750 365 3812 timus
379 3752 459 3829 ergo,
477 3750 662 3815 substantiam
677 3758 707 3815 et
721 3749 885 3812 facultatem
903 3744 1055 3807 voluntatis
1067 3760 1127 3804 suae
1139 3758 1221 3803 sum-

243 3872 258 3914 a
280 3854 420 3919 ministret
431 3857 524 3936 nobis,
540 3866 572 3921 ut
583 3857 651 3920 salvi
666 3858 765 3934 simus,
778 3861 807 3917 et
819 3854 847 3914 in
860 3851 950 3928 celis,
962 3858 992 3912 et
1002 3850 1032 3913 in
1044 3846 1140 3925 terris,
1154 3846 1220 3927 quia

242 3977 257 4018 r
278 3976 389 4021 summa
406 3969 449 4024 est
461 3963 612 4026 voluntatis
627 3964 700 4043 ejus,
715 3960 792 4023 salus
806 3976 905 4022 eorum
919 3974 990 4037 quos
1004 3952 1155 4033 adoptavit.
1169 3950 1219 4012 list

167 4095 170 4098 ·
241 4071 307 4125 aet
315 4064 363 4127 illa
373 4064 424 4127 Ilei
432 4064 561 4129 uoluntas
570 4083 655 4145 quam
665 4062 802 4127 Dominus
813 4056 1016 4123 administrauit
1027 4050 1216 4135 predicando,
