3200 5067
413 383 414 386 ,
480 332 662 404 oruscucun
680 355 939 409 eurcosornrcnn.
973 403 976 406 .
1168 365 1204 414 es

220 464 1202 556 beiccnremptatio(sierraticeexcipianturvisiones),sinequadam

219 587 269 635 seu
279 589 376 648 rerum
390 572 524 650 imagine,
537 573 750 636 seuverborum
760 575 860 637 saltem
876 575 958 638 melta
972 577 1202 658 pronuntiatione

221 676 567 758 (qmadsensusrererri
580 677 845 758 perspicuumst),
866 680 911 741 his
920 680 950 742 iu
964 682 1049 743 terris
1060 683 1199 763 procedit.

219 815 259 826 -
270 781 376 844 Verbm
387 782 461 845 banc
470 798 533 844 esse
541 781 670 863 Septimii
680 782 849 844 sententiam
861 783 1006 846 affirmare
1020 802 1079 846 non
1090 786 1200 862 ausim,

220 903 304 966 quam
333 885 413 948 valde
437 886 575 950 incertam
605 893 633 948 et
656 887 736 967 quasi
759 895 908 952 nutantem
936 890 1060 952 invenio.
1090 891 1203 975 Quippe

179 1061 181 1064 ¹
221 991 480 1053 manifestissimum
494 991 731 1072 notissimumque
752 993 912 1056 intellectus
929 997 1090 1076 sensusque
1102 995 1203 1058 discri-
1367 1060 1371 1068 ,

222 1113 297 1173 men,
313 1113 371 1174 quo
384 1113 441 1157 uno
455 1094 621 1158 efficitur-ut
635 1099 782 1178 tantopere
800 1099 910 1160 caeteris
928 1098 1100 1182 animalibus
1111 1117 1201 1180 prus·
1314 1085 1318 1091 ’

222 1207 326 1278 temus,
351 1201 483 1282 quodque
506 1200 566 1281 ipse
588 1199 674 1265 modo
694 1202 867 1280 agnoscebat
887 1210 917 1263 et
939 1201 1110 1279 elucidabat,
1125 1221 1204 1265 nunc

221 1306 337 1385 prorsus
350 1305 449 1368 tollere
462 1305 589 1366 videtur:
605 1302 744 1382 «Nonne,
758 1306 810 1382 ait,
821 1315 852 1368 et
861 1305 967 1366 sentire
976 1304 1136 1383 intelligere
1146 1315 1201 1384 est,

223 1432 237 1471 c
259 1419 288 1473 et
300 1411 457 1489 intelligere
471 1409 577 1470 sentire
591 1407 656 1470 est‘l
670 1409 727 1470 Aut
740 1408 809 1488 quid
822 1408 879 1469 erit
889 1426 1001 1484 sensus,
1017 1408 1070 1470 nisi
1083 1409 1147 1487 ejus
1160 1411 1204 1471 rei

222 1534 237 1575 ‹
259 1533 322 1594 quae
336 1514 458 1576 sentitur
471 1511 651 1574 intellectus?
666 1511 735 1591 quid
750 1511 922 1589 intellectus,
937 1513 992 1574 nisi
1003 1514 1068 1594 ejus
1082 1513 1125 1577 rei
1140 1533 1204 1594 quae

224 1637 239 1678 c
260 1615 425 1694 intelligitur
448 1614 570 1678 sensus?
593 1613 672 1676 Undd
692 1614 745 1676 ista
765 1623 908 1678 tormenta
922 1617 1081 1681 cruciandae
1093 1619 1206 1700 simpli-

223 1744 237 1783 ‹
260 1723 361 1800 citatis,
379 1729 407 1784 et
422 1719 629 1800 suspendendae
641 1718 790 1780 veritatis‘.l
812 1719 880 1792 Quis
894 1719 964 1780 mibi
979 1720 1124 1782 exhibebit
1136 1741 1204 1784 sen·

224 1847 239 1888 c
260 1845 325 1888 sum
347 1843 404 1887 uon
428 1823 632 1902 intelligentem
652 1823 731 1904 quod
755 1824 862 1902 sentit,
881 1832 932 1886 aut
951 1825 1128 1886 intellectum
1145 1806 1204 1888 nou

225 1931 431 1992 »sentientem
453 1928 529 2009 quod
550 1925 700 2005 intelligit,
719 1933 751 1988 ut
772 1928 875 2008 probet
894 1930 1016 1991 alterum
1033 1929 1095 1992 sine
1114 1930 1204 1993 altero

223 2055 238 2096 c
260 2053 343 2116 posse
363 2034 429 2114 (l)?
442 2057 458 2091 a
480 2067 519 2078 -
532 2029 638 2093 Verdm
655 2031 725 2094 adeo
745 2030 822 2092 inter·
834 2051 866 2095 se
879 2030 983 2095 diversi
996 2038 1080 2108 sunt,
1098 2039 1205 2094 ulom-

222 2140 312 2217 nium,
337 2139 421 2201 etiam
444 2135 582 2219 Septimii,
609 2135 638 2196 in
661 2141 759 2198 mente
784 2135 901 2216 quaestio
923 2135 1044 2212 oriatur,
1068 2144 1134 2198 uter
1147 2136 1206 2197 utri

214 2243 414 2323 *praeferendus
427 2243 480 2319 sit;
501 2241 526 2302 si
540 2247 636 2302 tamen
651 2258 684 2302 ea
698 2241 818 2320 quaestio
834 2241 959 2304 vocanda
973 2246 1028 2302 est.
1043 2238 1114 2302 de
1127 2239 1205 2303 euim

162 2419 165 2428 y
221 2349 294 2410 inter
308 2347 418 2426 singula
428 2346 532 2408 animae
545 2362 678 2421 munera,
691 2351 721 2405 et
735 2344 901 2427 prepositus
910 2344 1013 2424 cuique
1025 2343 1205 2424 exsequendo

221 2454 304 2531 uires,
321 2452 536 2534 proportionem
551 2449 705 2530 quamdam
727 2448 850 2510 existere
871 2446 1054 2522 necesse’sit‚
1070 2447 1139 2509 satis
1153 2445 1205 2508 ab·

222 2561 339 2622 surdum
360 2559 471 2620 uidetur
493 2555 693 2618 intellectualia
715 2553 868 2616 sensilibus
895 2552 1006 2633 potiora
1037 2567 1202 2628 agnoscere,

221 2665 395 2726 intellectum
408 2663 476 2724 verb
491 2660 591 2723 eodem
606 2677 664 2740 quo
678 2674 779 2719 sensus
794 2655 884 2732 gradu
897 2655 1056 2727 collocare;
1073 2651 1205 2731 namqui

222 2768 405 2848 sensilia(ut
425 2765 550 2849 meulla,
570 2772 600 2826 ut
620 2758 753 2843 plantas)
770 2753 1007 2818 intellectualibus
1023 2753 1201 2830 (albumini,

221 2882 253 2935 ut
274 2873 346 2952 Deo)
369 2878 418 2933 aut
434 2877 583 2951 exaequant
597 2874 646 2929 aut
659 2869 847 2943 anteponunt,
862 2877 900 2920 ne
913 2856 1061 2946 refellendi
1075 2855 1201 2936 quidem.

220 2967 309 3042 'Aliter
335 2986 428 3040 tamen
454 2975 609 3056 Septimius
630 2971 778 3053 opinatur,
801 2964 866 3047 qui,
888 2969 939 3024 aut
959 2966 1092 3022 neutrum
1113 2958 1204 3020 altero

221 3083 384 3146 inferiorem
405 3100 479 3157 esse,
503 3085 551 3140 aut
573 3074 674 3140 sensus
695 3073 802 3154 primas
816 3068 946 3131 obtinere
966 3064 1021 3125 boc
1034 3069 1205 3141 argumento

221 3187 363 3251 defendit:
383 3207 398 3248 c
415 3186 473 3248 Etsi
492 3183 602 3266 potiora
625 3186 693 3242 suut
714 3194 779 3258 qnae
800 3173 949 3237 intellectu
968 3169 1157 3247 attinguntur,
1173 3174 1205 3229 ut

224 3312 239 3353 o
261 3292 407 3374 spiritalia,
424 3291 509 3371 quam
525 3305 589 3369 quae
603 3302 700 3360 seusu,
714 3289 748 3343 ut
761 3276 932 3362 corporalia,
951 3293 1049 3338 rerum
1065 3274 1119 3336 erit
1132 3291 1206 3354 prae-

224 3417 238 3459 c
262 3397 342 3476 latio,
357 3396 463 3458 scilicet
478 3390 677 3455 sublimiorum
692 3385 827 3448 adversius
845 3380 1030 3456 infirmiores,
1046 3393 1103 3441 non
1117 3377 1205 3439 intel-

225 3521 240 3561 c
261 3502 352 3564 tectus
366 3498 501 3562 adversius
516 3511 642 3560 sensum.
658 3489 808 3565 Quomodo
828 3487 907 3550 enim
921 3484 1089 3567 preferatur
1108 3481 1205 3542 sensui

217 3626 241 3667 ,e
262 3605 431 3681 intellectus,
450 3605 466 3664 d
481 3619 538 3682 quo
552 3599 722 3662 informatur
737 3594 773 3656 ad
786 3590 977 3670 cognitionem
989 3583 1161 3648 veritatum?
1174 3583 1205 3646 Si

225 3728 240 3769 c
263 3710 340 3772 enim
352 3708 484 3771 veritates
502 3720 553 3785 per
567 3700 704 3780 imagines
716 3694 980 3779 adprehenduntur,
994 3689 1091 3764 idest,
1105 3686 1205 3748 inrisi-

227 3833 242 3873 c
263 3813 330 3876 bilia
354 3831 406 3894 per
428 3807 548 3871 visibilia
566 3809 738 3878 nuscuntur,
763 3799 873 3862 videtur
892 3793 1052 3857 intellectus
1071 3791 1143 3853 duce
1163 3789 1205 3850 uti

259 4039 292 4102 (l)
307 4039 343 4088 lle
358 4038 415 4097 Au„
432 4037 443 4098 t
459 4035 500 4084 tu.

1059 4129 1074 4177 8
