3200 5067
380 515 428 568 lot
653 511 694 564 DE
710 511 741 575 Q.
759 513 785 561 S.
803 511 831 560 F.
848 505 1067 558 rnnruthrano

742 1071 880 1160 CAPUT
910 1067 986 1155 vll.

585 1312 716 1362 aaaron
737 1312 781 1360 ltlt
804 1308 957 1360 scarletto
979 1305 1143 1356 thlcltttt.

422 1978 484 2042 lam
504 1995 566 2059 quae
586 1976 642 2038 sint
657 1973 782 2056 Septimii
803 1973 831 2034 in
850 1973 996 2034 ueritatem
1018 1978 1048 2031 et
1067 1968 1222 2032 Ecclesiam
1236 1967 1349 2044 merita,

383 2085 482 2166 quidve
496 2084 526 2144 in
540 2085 601 2164 ejus
615 2078 741 2145 doctrina
759 2076 1024 2161 reprehendendum
1038 2075 1208 2150 inveniatur,
1217 2073 1351 2136 manifes-

384 2197 445 2250 tum
460 2195 521 2265 est;
538 2197 629 2249 lamen
642 2185 749 2267 pauciS,
762 2183 817 2246 sub
830 2181 957 2264 opusculi
970 2181 1059 2243 nostri
1072 2181 1141 2258 fine,
1153 2179 1351 2242 includendam

383 2292 502 2354 ridetur.

423 2396 456 2457 ln
478 2399 560 2457 causa
581 2395 804 2458 Christianorum
826 2395 944 2471 oranda,
972 2393 1123 2476 Septimius
1142 2391 1203 2474 ipsa
1226 2409 1278 2453 ror
1311 2395 1353 2450 est

384 2500 555 2562 Ecclesiaese
565 2499 692 2561 omnium
707 2499 847 2560 scelerum
857 2498 920 2561 laha
934 2517 1036 2581 puram
1047 2497 1185 2573 testando,
1196 2495 1353 2576 objectum-

384 2621 440 2684 que
448 2602 573 2664 factionis
588 2602 706 2678 crimen,
722 2621 774 2684 per
787 2610 950 2664 enumerata
975 2609 1177 2682 praeceptorum
1191 2615 1309 2661 suorum
1322 2597 1352 2658 in

384 2706 587 2790 rempublicam
603 2707 704 2769 merita
723 2707 884 2789 plenissimi
897 2707 1040 2769 diluentis.

424 2810 645 2892 Philosophiam,
661 2811 760 2873 duride
772 2812 899 2893 quidem,
923 2818 1040 2894 propter
1053 2812 1152 2890 longos
1164 2827 1278 2872 errores
1290 2811 1353 2893 phi-

384 2919 649 3003 losophantiumque
663 2919 773 2999 delicta,
789 2926 949 2997 tractatam,
962 2919 1040 2997 fidei,
1053 2919 1108 2982 hoc
1121 2918 1243 2997 estllco,
1259 2925 1291 2980 ut
1303 2937 1355 3000 par

385 3033 440 3104 est,
459 3026 583 3107 subjicit,
605 3033 644 3102 et,
669 3027 685 3087 h
704 3025 796 3105 primo
817 3025 906 3104 gradu
926 3025 1086 3106 depulsam,
1102 3022 1226 3086 secundo
1240 3023 1303 3086 loco
1316 3024 1354 3086 ita

386 3131 514 3208 collocat,
529 3137 561 3192 ul
571 3130 606 3193 de
620 3131 764 3212 perpetuis
776 3131 905 3212 verisque
918 3130 1050 3192 humanae
1062 3129 1178 3192 rationis
1188 3129 1302 3209 Jurihus
1315 3129 1354 3191 nil

383 3235 425 3296 illi
439 3243 553 3316 pereat:
570 3253 626 3296 non
640 3234 715 3296 enim
728 3234 753 3296 is
766 3242 811 3296 est
827 3234 887 3316 qui,
906 3241 1015 3298 tantum
1030 3233 1130 3297 divinae
1144 3234 1279 3297 honitatis
1290 3253 1355 3296 mu·

385 3359 440 3401 nus
451 3341 598 3402 hominum
611 3339 676 3401 ritio
691 3357 809 3402 cernens
821 3341 850 3401 in
860 3359 945 3421 praua
958 3340 1134 3421 detorqueri,
1143 3340 1173 3402 in
1185 3340 1277 3422 ipsius
1289 3340 1356 3402 doni

386 3443 482 3505 odium
496 3443 662 3505 adducatur.

425 3547 512 3626 Ergo,
523 3546 755 3629 philosophorum
768 3548 912 3612 debellans
922 3569 1046 3629 errores,
1058 3551 1119 3633 ipse
1128 3551 1353 3632 philosophatur,

386 3655 532 3736 Deumque
544 3653 671 3732 unicum,
686 3654 813 3717 materiae
823 3663 991 3734 creatorem,
1007 3659 1085 3719 entra
1095 3664 1207 3738 tempus
1220 3656 1353 3739 positum,

386 3765 508 3826 humana
524 3769 681 3841 curantem,
698 3770 783 3844 atque
803 3770 835 3824 ut
850 3761 931 3824 honis
944 3764 1073 3844 praemia,
1088 3764 1130 3826 ital·
1140 3763 1233 3845 prauis
1249 3768 1355 3825 aeterna

384 3869 518 3952 supplicia
528 3876 686 3950 parantem,
701 3868 814 3951 optimis
828 3869 975 3931 confirmat
989 3868 1173 3947 argumentis.
1192 3867 1260 3942 Quae
1273 3885 1357 3928 causa

385 3973 521 4036 condendi
544 3971 621 4035 urhis
643 3973 778 4052 extiterit,
803 3974 866 4056 quis
884 3973 991 4036 homini
1011 3973 1041 4035 in
1054 3991 1151 4035 rerum
1166 3976 1267 4035 natura
1279 3973 1358 4034 locus

385 4079 556 4160 assignetur,
572 4079 663 4141 verbis
679 4080 777 4144 edocet
791 4080 893 4161 quihus
913 4079 983 4143 nihil
999 4081 1084 4147 etiarn
1102 4081 1280 4146 uuucvcrius
1294 4080 1355 4162 pla·

384 4185 482 4249 niusre
496 4184 645 4247 hahemus.
