3200 5067
485 531 669 585 opusculum
687 529 947 583 eflleosnentctttt.
1162 534 1210 586 103

227 649 365 730 religione
379 645 554 724 communia,
570 643 647 709 haud
660 663 750 728 pauca
766 662 884 708 necesse
898 652 943 706 cst
957 644 987 706 in
1000 643 1157 709 heresibus
1167 648 1211 710 in-

227 753 333 832 venias,
344 771 419 834 quae,
430 749 571 813 rationem
582 749 725 828 laedentie,
736 751 896 832 opportune
907 749 1058 832 peripsam
1067 752 1208 815 rationem

227 856 381 939 expugnari
400 854 520 938 possint.
543 853 610 931 Sed,
633 853 699 916 cdm
720 853 810 916 multe
830 855 905 936 apud
924 855 1106 918 christianam
1127 857 1212 920 disci-

227 960 333 1042 plicam
347 975 462 1022 ornnem
474 956 593 1020 humani
603 955 766 1022 intellectas
779 966 896 1040 captum
910 959 1059 1038 excedant,
1071 966 1102 1022 et
1114 968 1213 1024 aucto·

227 1063 311 1125 ritate
333 1061 473 1139 nitantur,
492 1079 552 1122 non
574 1061 763 1138 argumentis,
780 1063 911 1143 seqnitur
933 1063 1072 1127 altissima
1093 1083 1214 1147 quaeqne

226 1173 330 1228 nostrae
351 1165 417 1228 fidei
444 1163 579 1246 mysteria
600 1164 636 1227 ab
663 1163 698 1227 iis
726 1182 790 1248 quae
812 1167 938 1230 haeretici
969 1167 1109 1249 objiciunt
1131 1169 1213 1234 nullo

227 1278 309 1350 pacto
323 1269 462 1352 perhanc
483 1268 645 1350 disputandi
660 1269 783 1333 sormam
797 1269 934 1332 vindicari
951 1287 1047 1351 posse.
1065 1270 1210 1356 Alioquin,

228 1375 251 1436 si
265 1376 300 1438 ed
313 1374 489 1436 adducamur
502 1379 534 1435 ut
547 1372 583 1436 de
597 1371 717 1451 singulis
738 1372 876 1436 doctrinae
889 1381 996 1434 nostra
1015 1373 1145 1454 partibus
1157 1375 1212 1438 dis-

227 1479 320 1560 putari
338 1478 477 1564 sinamus,
500 1476 564 1558 quis
585 1495 643 1538 non
659 1475 752 1538 videat
771 1475 800 1536 in
819 1475 895 1537 idem
909 1493 962 1536 uos
975 1475 1100 1542 incidere
1112 1478 1211 1541 vitium

227 1583 302 1663 quod
322 1581 462 1645 haercticls
484 1580 571 1644 modo
592 1579 795 1663 exprobratum
819 1584 879 1657 est,
900 1578 1090 1661 omnibusque
1110 1582 1212 1645 exinde

227 1687 347 1767 praebeu'
361 1686 523 1749 facultatem
536 1685 681 1764 Evangelii
695 1684 799 1766 partim
821 1684 973 1762 rct’mendi,
996 1685 1100 1768 partim
1114 1688 1213 1750 exclu-

228 1792 323 1871 dendi,
340 1791 418 1875 quod
431 1792 461 1853 in
475 1792 619 1870 integrum
633 1789 714 1871 rejici
727 1796 776 1851 aut
786 1789 939 1871 approbari
953 1788 1071 1852 decuit‘l

266 1895 341 1974 Ergo
361 1895 498 1977 principia
519 1893 694 1976 disputandi,
711 1893 734 1954 si
756 1893 829 1955 ratio
848 1893 1035 1972 conticescat,
1059 1893 1212 1976 Scriptura
1234 1927 1240 1938 ·

229 2001 357 2077 afferent,
372 1999 525 2081 dequibus
539 2000 613 2062 inter
627 2017 726 2061 omnes
738 1997 883 2060 christiani
895 1998 1019 2060 nominis
1034 2006 1126 2060 sectas
1140 2018 1213 2070 con-

159 2095 162 2100 ’
229 2104 326 2165 uenit?
342 2103 456 2166 Itanon
476 2104 601 2166 hnmana
616 2103 701 2181 ratio,
720 2103 770 2166 sed
789 2103 866 2166 Deus
884 2102 946 2183 ipse
959 2103 1102 2184 loquetur,
1118 2105 1213 2167 omni·

229 2206 338 2288 busque
354 2206 554 2270 controversiis
566 2206 612 2269 hic
626 2205 790 2288 imponetur
804 2207 887 2285 fluis,
905 2207 1025 2288 experiri
1040 2207 1108 2289 quid
1120 2207 1212 2272 divina

229 2311 342 2372 oracula
357 2309 583 2390 pronunciarint
604 2309 645 2371 Ne
662 2310 691 2372 id
711 2311 828 2392 quidem
847 2311 938 2374 nostri
956 2313 1127 2376 intentatum
1145 2314 1213 2376 reli-

230 2422 369 2496 querunt:
386 2433 440 2478 uec
457 2415 564 2477 mirum
582 2413 605 2475 si
621 2413 753 2477 tenebras
772 2416 930 2478 multorum
952 2417 1094 2479 mentibus
1108 2418 1213 2480 offusas

230 2537 317 2582 sacrae
330 2520 452 2596 chartae,
472 2537 649 2581 summorum
665 2507 792 2582 virorum
814 2520 973 2583 eruditione
990 2528 1019 2583 et
1042 2522 1209 2584 auctoritate

230 2615 378 2695 expositae,
409 2615 590 2693 legaverunt.
617 2614 839 2695 Verdmtameu,
868 2618 892 2678 si
920 2618 1026 2679 attente
1051 2618 1212 2698 perpendas

230 2736 293 2798 quae
307 2719 344 2780 sit
365 2718 483 2780 humani
503 2718 609 2798 ingenii
624 2725 742 2797 natura,
767 2739 825 2800 quo
848 2720 1080 2799 generedicendi
1102 2720 1211 2782 divino-

230 2839 294 2885 rum
307 2822 445 2886 librorum
456 2821 610 2903 scriptores
630 2823 673 2885 usi
687 2825 754 2901 sint,
770 2823 888 2885 minime
902 2823 1053 2884 miraberis
1067 2841 1101 2885 ex
1114 2824 1214 2903 singu-

228 2925 262 2988 lis
274 2926 390 2990 illorum
409 2926 554 2992 sententiis
574 2917 740 2990 innuineras
754 2926 881 2989 extitisse
894 2927 1076 3006 quaestiones,
1098 2927 1215 3007 plures-

230 3046 285 3107 que
303 3028 509 3092 eontroversias
530 3029 584 3090 hac
603 3031 714 3094 ratione
736 3039 828 3092 motas
851 3032 936 3112 quam
958 3029 1080 3090 sedatas.
1103 3028 1210 3092 Omnes

136 3157 139 3164 ·
231 3132 317 3211 euim,
341 3133 467 3212 ingenita
494 3133 617 3215 quddam
641 3135 831 3212 contumacia,
854 3133 1001 3196 veritatem
1026 3131 1061 3193 ad
1082 3138 1209 3194 nosram

230 3237 398 3300 sententiam
414 3239 500 3319 quam
513 3245 642 3301 nostram
655 3239 823 3302 sententiam
835 3238 871 3300 ad
884 3237 1033 3301 ueritatem
1047 3254 1212 3298 accommo-

230 3343 298 3406 dare
312 3344 472 3406 malumus:
486 3363 539 3407 nee
554 3343 629 3406 ullus
641 3344 702 3414 dari
716 3351 811 3426 potest
826 3345 884 3406 tam
899 3343 1008 3406 lucidus
1022 3361 1116 3405 sermo
1131 3343 1210 3424 quia

231 3447 378 3512 manifesto
393 3448 531 3529 obvioque
545 3467 644 3527 seusu,
661 3449 828 3514 brevissimo
848 3456 988 3532 tempore,
1003 3467 1060 3530 pro.
1073 3449 1211 3529 cujusque

107 3611 109 3614 .
231 3550 311 3614 libitu
324 3572 384 3615 non
396 3552 609 3633 detorqueatur,
625 3553 655 3614 ni
668 3554 741 3617 sorte
753 3555 849 3617 nivens
864 3561 893 3616 et
906 3554 1039 3634 perennis
1059 3552 1211 3614 auctoritas

231 3655 313 3733 adsit,
331 3673 398 3737 quae
413 3654 449 3717 ab
463 3656 565 3718 inermi
579 3656 677 3719 chartd
691 3675 791 3720 omnes
814 3656 949 3718 continuo
962 3654 1150 3717 contumelias
1164 3672 1213 3714 ar-

231 3769 301 3825 ceat.
318 3759 393 3834 Quid
412 3760 473 3846 lore
493 3778 610 3838 censes,
625 3759 650 3822 si
669 3759 735 3822 lihri
755 3759 784 3820 in
806 3756 1000 3819 testimonium
1020 3760 1157 3816 nocentur
1175 3754 1211 3816 ab

230 3862 403 3941 auctoribus,
418 3870 558 3944 tempore,
574 3862 687 3942 ingenio
708 3859 826 3923 diversis
848 3858 1011 3939 conscripti,
1028 3874 1150 3938 quorum
1165 3857 1213 3917 alii

230 3982 277 4026 res
290 3973 386 4044 gestas
400 3973 546 4044 enarrant,
561 3965 608 4029 alii
629 3972 747 4028 ventura
767 3967 885 4040 canunt,
905 3961 952 4023 alii
968 3959 1059 4022 diviua
1078 3958 1212 4040 mysteria

230 4088 283 4150 per
296 4071 446 4150 allegorias
467 4071 570 4153 partim
595 4077 741 4149 retegunt,
764 4068 868 4151 partim
887 4067 992 4144 velant,
1016 4064 1075 4141 alii,
1099 4062 1211 4144 poetico
1273 4145 1280 4159 .

231 4174 311 4253 quasi
325 4175 399 4256 rapti
413 4175 523 4254 alllatn,
537 4175 566 4237 in
580 4175 708 4239 insolitos
720 4173 832 4238 dicendi
845 4172 946 4236 modos
960 4167 1138 4233 evehuntur?
1149 4165 1211 4227 Non
