3200 5067
407 466 411 470 ’
485 495 670 550 orosouuuu
687 497 948 583 ruinosormcou.
1155 507 1198 557 ιιι
1247 525 1252 532 ·

223 611 285 690 luit,
296 629 390 693 neque
403 609 529 674 Ecclesia
542 618 670 674 resectos
684 629 736 692 per
750 612 904 677 schismata
916 620 996 676 artus
1007 614 1047 676 ital
1055 615 1146 678 doluit
1158 627 1201 694 ut,

222 717 276 780 illis
290 717 412 794 amissis,
430 714 540 778 vivendi
553 732 667 796 quoque
688 722 815 797 potestas
837 716 982 795 deficeret,
1003 718 1137 800 nullaque
1153 739 1202 784 re-

222 822 355 902 parandae
368 820 456 884 cladis
466 837 532 900 spes
545 826 718 900 superesset.

261 925 402 1001 Quoniam
416 925 503 1004 igitur
519 924 656 988 universe
669 925 815 1003 Ecclesiae,
824 943 882 987 noo
896 925 1015 1007 singulis
1022 925 1147 1006 oedibus,
1158 929 1202 990 di·

221 1031 316 1092 vinum
337 1028 473 1090 auxilinm
490 1034 684 1108 perpetuaque
701 1028 804 1089 veritas
821 1029 961 1110 promissa
983 1036 1061 1107 suut,
1082 1031 1201 1112 lierique

222 1140 313 1215 potest
328 1134 419 1216 (quod
432 1151 479 1204 res
500 1132 560 1214 ipsa
574 1130 716 1215 probavit)
738 1139 769 1194 ut
782 1131 916 1194 Ecclesiae
933 1133 1020 1194 etiam
1040 1135 1201 1214 apostolicae

221 1238 252 1298 in
264 1238 408 1315 integrum
422 1236 565 1313 deficiant,
573 1238 680 1316 regulis
693 1239 709 1299 a
723 1237 860 1320 Septimio
869 1239 1022 1320 propositis
1037 1238 1145 1322 aliquid
1158 1241 1208 1302 vi·'

221 1342 304 1405 detur
323 1340 495 1403 addendum.
511 1340 556 1403 hd
575 1359 646 1422 quas
665 1342 760 1416 euim,
781 1343 942 1424 compendii
963 1344 1202 1424 causd,coniugit

221 1445 451 1526 proscriptiones
472 1446 587 1527 optimae
609 1452 677 1507 sunt
700 1447 836 1510 adversius
859 1448 1025 1510 haereticum
1046 1446 1083 1509 ab
1102 1448 1150 1509 illa
1169 1450 1199 1510 in

221 1553 276 1631 qua
289 1549 418 1614 eruditus
432 1557 476 1614 est
489 1549 615 1613 Ecclesia
628 1569 661 1612 se
673 1559 873 1632 separantem,
888 1570 941 1616 uec
955 1554 1051 1635 miuus
1063 1552 1200 1616 aduersus

171 1711 177 1720 .
221 1655 389 1733 bulherum,
402 1657 488 1737 quim
504 1655 638 1718 adversim
651 1655 824 1716 Marcionem
837 1655 940 1716 nalem.
951 1654 1004 1717 Vix
1012 1662 1108 1719 tamen
1119 1657 1199 1720 suffi-

221 1760 305 1838 cient,
321 1761 345 1822 si
359 1767 417 1822 tota
431 1760 550 1840 alicujus
564 1759 689 1838 regionis
698 1758 822 1821 Ecclesia
841 1758 946 1820 erroris
959 1760 1103 1837 arguenda
1116 1761 1163 1838 sit,
1173 1763 1198 1823 si

221 1881 347 1948 pravam,
366 1867 416 1929 sed
434 1865 579 1947 antiquam
593 1864 775 1927 traditionem
792 1865 849 1944 (ut,
865 1860 1004 1942 Cypriane
1021 1863 1152 1940 horeum,
1168 1865 1198 1925 in

220 1969 325 2048 Africa,
341 1969 377 2032 de
395 1967 596 2032 hereticorum
618 1968 790 2051 baptismate
810 1967 926 2046 accidit)
945 1985 997 2047 pro
1012 1968 1079 2029 vera
1096 1967 1198 2030 delen-

219 2071 275 2150 dat,
292 2073 502 2154 scripturarum
516 2071 672 2152 legitimam
687 2071 907 2153 continuamque
920 2070 1126 2152 possessionem
1136 2073 1199 2151 jac·

218 2187 292 2256 tans,
308 2185 336 2241 et
348 2178 384 2240 iis
398 2194 462 2258 quea
476 2195 542 2239 cum
556 2175 617 2258 ipsa
631 2195 687 2239 non
704 2176 885 2240 consentiunt
901 2175 1032 2238 heresim
1047 2174 1195 2256 objiciens.

192 2275 202 2294 ⁸
220 2281 291 2356 Quid
306 2289 374 2345 tunc
386 2297 538 2364 snspensas
550 2287 661 2344 mentes
672 2280 703 2342 in
717 2281 841 2362 aliquam
856 2288 962 2344 cenam
976 2288 1123 2344 convertet
1131 2299 1198 2344 seu

220 2387 348 2464 tentiam,
368 2387 506 2468 quibusve
519 2385 595 2448 notis
607 2403 703 2447 ueram
726 2402 914 2465 agnoscemus
927 2385 1095 2462 Ecclesiam,
1107 2405 1197 2466 quum

220 2493 353 2575 utrinque
368 2491 529 2575 aposolicae
543 2491 722 2553 inveniantur
735 2491 880 2568 Ecclesiae,
899 2497 1034 2572 ,letusque
1054 2490 1083 2551 in
1102 2498 1198 2572 partes

219 2599 318 2662 abierit
330 2599 427 2662 orbis?
461 2662 465 2667 ,

202 2764 207 2781 ,
256 2703 325 2766 Duae
333 2703 371 2765 ihi
379 2700 1047 2784 expediendaedifficultatisrationesoceurrunt.
1055 2701 1195 2778 Primum,

219 2808 254 2871 ad
272 2808 446 2886 universam,
461 2808 485 2869 si
505 2807 567 2870 fieri
591 2811 695 2886 potest,
709 2805 851 2868 referatur
873 2804 1043 2881 Ecclesiam3
1064 2806 1126 2887 ipsa
1147 2807 1195 2868 uhi

218 2913 264 2990 sit,
286 2919 315 2974 et
334 2918 444 2989 noscet,
460 2918 489 2973 et
508 2909 630 2973 docebit.
653 2911 726 2987 Aut,
749 2909 774 2971 si
792 2909 854 2970 loca
876 2915 1062 2990 temporaque
1084 2910 1196 2972 obstent

217 3015 369 3095 quominus
385 3014 521 3097 episcopi,
533 3016 677 3096 jamnon,
694 3019 725 3074 ut
739 3012 893 3092 quondam,
912 3013 996 3074 unius
1009 3012 1120 3092 imperii
1131 3012 1197 3072 lini-

217 3116 270 3180 bus
291 3118 433 3195 contenti,
454 3136 489 3180 ex
511 3115 644 3179 omnibus
665 3117 765 3179 mundi
782 3117 910 3198 partibus
929 3117 959 3178 in
978 3134 1064 3177 unam
1086 3115 1194 3179 curiam

217 3221 401 3298 mureuient,
419 3221 512 3306 aliqua
535 3218 618 3282 detur
633 3219 795 3302 principalis
812 3219 938 3282 Ecclesia
957 3219 1038 3300 cujus
1059 3218 1195 3281 doctrinm

120 3307 126 3318 ’
217 3323 376 3386 consentire
390 3322 561 3386 catholicum
579 3322 626 3401 sit,
642 3324 792 3386 dissentire
808 3323 990 3386 haereticum:
1005 3322 1061 3384 illae
1079 3322 1195 3385 demum

219 3427 381 3508 apostolicae
394 3427 574 3489 habebuntur
589 3426 721 3489 Ecclesiae
737 3445 800 3508 quae
815 3447 881 3491 cum
893 3429 941 3492 illo
959 3429 1051 3510 capite
1065 3447 1197 3491 commu-

217 3532 362 3594 nicabunt.
378 3532 423 3596 Sic
438 3533 469 3594 in
488 3549 608 3612 corpore
631 3532 775 3611 humano,
793 3540 825 3596 ut
845 3535 918 3597 scias
938 3534 1068 3596 uvantne
1087 3535 1195 3612 singula

216 3635 357 3716 membra,
373 3655 431 3698 non
446 3635 549 3717 quaeris
559 3636 656 3698 utrum
672 3623 804 3718 pascum
820 3658 919 3717 manu,
931 3623 1091 3700 sed'utnim
1111 3638 1195 3699 ambo

217 3759 281 3802 cum
297 3741 388 3823 capite
405 3740 487 3822 quasi
502 3758 566 3802 cum
581 3741 703 3821 quodam
719 3742 781 3804 vitea
799 3742 876 3803 fonte
889 3747 1002 3802 servent
1014 3739 1192 3801 societatem:

216 3846 240 3907 si
255 3846 395 3927 ruperint,
411 3844 546 3927 paralysis
560 3853 616 3907 est.
632 3845 748 3907 Diversa
761 3846 807 3907 his
820 3845 932 3908 tuendae
949 3844 1062 3906 unitatis
1076 3845 1196 3908 rationi-

215 3948 270 4010 bus
284 3947 403 4010 utilitas:
420 3949 509 4012 altera
524 3949 652 4010 maximis
666 3949 696 4010 in
709 3947 801 4009 causis
817 3949 870 4010 erit
884 3946 1054 4022 adhihenda,
1068 3949 1134 4008 cum
1149 3954 1195 4009 to-

217 4061 265 4116 tus
279 4060 380 4133 agetur
395 4054 636 4130 christianismus,
653 4068 809 4132 omnesque
821 4051 960 4116 Ecclesiae
973 4049 1111 4113 discordia
1126 4068 1195 4130 per·

215 4159 335 4220 vaserit:
350 4160 438 4223 altera
453 4159 571 4237 lacilior,
587 4155 813 4238 quotidianisque
827 4153 1065 4218 accommodatior
1077 4152 1191 4216 usibus:
