3200 5067
394 470 427 520 80
671 463 712 514 bu
730 463 760 524 Q.
779 463 806 512 S·
825 463 852 512 F.
871 461 1091 513 utauuttttuo

394 579 552 655 pissimum,
567 576 595 638 in
619 574 737 640 dubium
751 581 880 640 vocatur.
895 573 1069 638 linimendus
1091 579 1136 636 ast
1160 573 1256 654 itaque
1275 592 1310 636 ex
1321 576 1375 638 blo

393 681 476 749 turha
490 681 615 744 animam
627 678 692 742 ideb
705 695 876 760 corpoream
890 677 1079 740 asserentium
1094 683 1126 740 ut
1137 684 1255 759 paretur
1265 679 1308 740 ria
1323 679 1376 740 inr-

394 784 502 866 pietati,
518 783 767 866 praecludaturque
781 782 812 843 in
826 782 929 844 ooelurn
945 782 1049 844 aditus.
1061 781 1123 844 Non
1136 781 1199 844 lere
1207 789 1306 846 tamen
1315 786 1376 846 tue·

394 888 431 950 rit
447 893 608 970 peccatum
619 886 766 966 tantopere
775 887 880 962 duero,
892 886 1056 964 quamnim
1069 886 1100 946 in
1113 887 1280 976 quaestione,
1294 888 1377 950 aber-

393 1008 492 1067 rasse,
521 989 667 1052 christiani
701 989 828 1051 nominis
862 990 1062 1052 auctoritatem
1098 991 1192 1053 carnis
1219 979 1377 1054 tautonibus

391 1095 558 1176 praebuisse,
574 1097 749 1175 pravamque
761 1094 932 1156 sententiam
948 1094 1151 1156 infirmissimis
1166 1094 1376 1157 defensionibus

391 1213 604 1278 propugnasse3
621 1203 653 1256 ut
665 1195 765 1256 credas
790 1194 928 1261 Nostrum
946 1196 1068 1261 desertae
1080 1197 1206 1261 veritatis
1219 1200 1300 1268 luere
1312 1219 1376 1281 pm-

393 1318 457 1376 nas‚
473 1299 542 1364 dum
555 1297 637 1360 solita
659 1315 726 1358 oum
740 1296 848 1376 ingenii
873 1299 1026 1378 subtilitas,
1044 1301 1217 1384 solitumque
1231 1301 1374 1379 robur,io

395 1402 512 1466 tutando
532 1419 631 1464 errore
648 1400 763 1482 penitds
779 1400 925 1464 deliciunt.
941 1402 1011 1465 Tota
1027 1405 1104 1466 enim
1118 1406 1181 1484 ejus
1196 1412 1376 1483 argumenta·
1446 1415 1451 1424 ·

395 1507 447 1584 tio,
469 1506 494 1570 si
512 1505 598 1587 pauld
620 1503 740 1585 propiis
762 1511 884 1584 spectes,
908 1505 939 1568 in
959 1507 1096 1588 principii
1113 1508 1244 1587 petitione
1265 1508 1374 1571 nitimur.

396 1608 471 1672 Nihil
480 1627 542 1679 esse
556 1607 673 1670 omninb
692 1606 769 1688 quod
784 1607 893 1668 nonsit
911 1626 1027 1690 corpus,
1046 1629 1100 1673 nec
1113 1629 1242 1674 asserere
1255 1612 1375 1690 dubitat,

318 1768 322 1772 .
397 1731 450 1778 uec
463 1712 585 1795 probare
599 1717 694 1774 curat:
711 1709 788 1790 quod
803 1710 828 1771 si
841 1712 992 1788 concedas,
1008 1714 1071 1794 quis
1087 1733 1145 1776 noo
1160 1711 1241 1777 malit
1253 1715 1376 1779 animam

397 1835 565 1902 corpoream
584 1815 691 1892 dicere,
705 1816 793 1896 quarn
811 1814 846 1878 iis
860 1834 924 1897 quae
944 1835 1004 1878 noo
1017 1827 1084 1880 sunt
1097 1822 1310 1884 annumerare?
1320 1821 1384 1884 Vc·-

396 1923 475 2000 rirm,
490 1921 526 1999 si,
542 1938 601 2002 prae
619 1919 740 2000 quidam
764 1919 869 1982 mentis
888 1919 1068 2001 lippitudine,
1083 1923 1123 1984 nil
1140 1923 1194 1985 nisi
1207 1943 1377 2006 corporeum

385 2025 492 2106 ¹animo
507 2024 656 2104 concipere
670 2041 772 2105 queas,
788 2023 864 2086 unde
874 2022 925 2086 tibi
941 2023 1005 2087 talis
1018 2026 1146 2104 audacia,
1157 2034 1189 2089 ut
1201 2027 1308 2105 lucem,
1322 2031 1376 2110 qut

309 2147 316 2162 ·
397 2149 488 2194 amous
504 2147 561 2190 non
578 2128 758 2204 illuminaris,
775 2147 832 2190 noo
858 2147 922 2192 esse
940 2129 1108 2207 contendas,
1129 2131 1196 2192 caim
1218 2132 1376 2213 presertim

398 2231 467 2294 nihil
480 2230 582 2292 afferas
599 2230 674 2292 undl
688 2230 790 2294 animae
801 2231 937 2313 spiritalis
950 2233 1022 2295 tides
1035 2232 1079 2294 vel
1094 2233 1212 2296 minime
1225 2235 1379 2299 labefacte-

398 2335 465 2396 tur‘l
483 2333 636 2412 Caeterdm,
650 2335 713 2410 haec
726 2337 791 2398 cum
805 2337 992 2425 praemiseris,
1013 2337 1105 2398 multa
1120 2337 1253 2398 facillime
1271 2337 1380 2399 adden·

399 2445 464 2502 tur:
481 2437 741 2519 incorporalitatem
752 2439 791 2500 nil
809 2439 959 2520 pati,odm
977 2457 1037 2501 uon
1051 2439 1156 2502 babeat
1167 2458 1218 2521 per
1232 2439 1309 2520 quod
1327 2458 1380 2520 pa·

395 2541 502 2617 tiatur,
528 2558 698 2622 corpoream
720 2544 789 2620 ergo
813 2560 876 2604 esse
895 2543 1042 2619 animam,
1065 2543 1089 2605 si
1110 2544 1154 2605 rel
1176 2542 1252 2624 apud
1273 2543 1379 2606 interos

290 2640 293 2646 ’
367 2702 370 2705 ,
398 2643 563 2722 crucianda,
578 2643 620 2706 uel
636 2643 665 2706 in
679 2646 742 2706 sinu
755 2645 892 2723 Abrabae,
907 2653 973 2728 post
988 2647 1143 2708 discessum
1161 2648 1289 2722 deame,
1301 2647 1380 2708 reio·

399 2748 520 2812 oillanda
533 2749 589 2827 sit;
604 2748 742 2827 animam,
766 2752 868 2830 utpote
889 2750 1065 2812 extrinsecis
1086 2755 1206 2827 motam,
1231 2750 1379 2831 ipsamque

399 2853 511 2936 corpori
531 2853 670 2916 movendo
689 2847 888 2934 propositam,
904 2857 938 2915 et
959 2854 995 2916 de
1009 2855 1095 2916 causa
1113 2871 1280 2934 corpoream
1297 2871 1376 2915 esse:

293 2987 296 2993 ·
399 2957 516 3040 quippe,
532 2975 666 3020 concessu
684 2956 755 3020 nihil
769 2955 890 3020 existere
906 2957 984 3038 quod
995 2976 1054 3019 non
1071 2958 1108 3020 sit
1122 2975 1238 3038 corpus,
1253 2957 1380 3038 sequitm

401 3059 571 3142 incorporea
590 3077 682 3141 neque
697 3068 829 3138 morere,
838 3079 935 3142 neque
946 3062 1059 3126 morari
1072 3079 1165 3142 neque
1181 3061 1288 3142 aliquid
1302 3060 1378 3122 aliud

403 3170 454 3224 aul
466 3163 560 3226 faeere
575 3170 624 3224 aut
638 3163 694 3244 pati
708 3181 804 3244 posse.
861 3145 866 3154 ¹

442 3265 512 3328 cum
522 3274 617 3328 autem
631 3267 700 3330 illud
717 3267 857 3350 Septimio
877 3268 1062 3350 objiceretur,
1083 3267 1225 3346 animam,
1241 3267 1265 3330 si
1278 3284 1378 3349 corpo

402 3375 549 3445 recesset,
564 3369 658 3430 carnis
672 3370 761 3432 oculis
776 3372 885 3453 percipi
898 3372 1040 3449 debuisse,
1055 3373 1229 3454 respondere
1240 3389 1297 3433 non
1312 3389 1379 3452 opa-

402 3488 499 3533 rosum
518 3470 582 3548 tuit,
598 3489 662 3534 eam
676 3473 720 3535 sui
735 3475 849 3552 generis
863 3475 968 3557 corpus
981 3493 1054 3554 esse,
1070 3482 1166 3556 atque,
1181 3482 1213 3536 ut
1224 3474 1379 3555 perspicia·

404 3583 462 3656 tur,
482 3574 553 3640 alios
573 3578 659 3660 quim
680 3577 784 3658 quibus
800 3579 911 3642 utimur
932 3597 1034 3643 seusus
1055 3580 1214 3662 requirere.
1235 3578 1266 3642 Si
1283 3586 1379 3640 tamen

403 3698 516 3760 urgeas,
530 3681 629 3762 aperte
645 3681 843 3762 profitebitur:
863 3703 879 3744 a
896 3682 1074 3747 Solemuiura
1090 3702 1223 3766 qumque,
1242 3689 1271 3746 et
1284 3681 1379 3744 omni-

405 3803 420 3842 «
446 3783 531 3846 modo
545 3782 640 3846 debita
654 3785 854 3866 corpulentia,
878 3786 976 3848 adesse
995 3787 1115 3865 animae,
1139 3795 1172 3850 ut
1190 3788 1330 3866 habitum,
1349 3795 1382 3847 ut

405 3905 420 3946 a
442 3886 607 3962 terminum,
622 3887 738 3950 utillud
753 3888 889 3952 trifariim
898 3889 1092 3970 dictamnum,
1102 3891 1307 3970 longitudinem
1316 3889 1379 3951 dico

404 4010 420 4050 u
442 3997 470 4052 et
484 3989 674 4070 latitudinem,
690 4001 719 4054 et
735 3992 952 4071 sublimitatem,
966 3994 1070 4074 quibus
1084 4002 1231 4058 metantur
1241 4010 1379 4075 corporee
