3200 5067
349 484 382 534 od
638 480 678 530 uh
696 482 725 543 Q.
744 480 771 530 S.
789 480 819 531 F.
837 480 1059 533 rhnrhtctnuo
1159 494 1163 500 ’

349 596 467 658 honeste
489 594 569 657 locus
592 612 653 657 csse
678 600 782 674 potest.
796 591 927 655 'l'heatris
952 594 1028 655 idern
1048 594 1077 654 in
1099 594 1209 673 origine
1225 604 1331 675 reatus,

350 718 415 780 quae
433 697 543 780 primus
558 698 686 760 omnium
701 697 866 778 Pompeius,
882 697 980 778 populi
994 697 1120 760 levorem
1135 706 1264 779 captans,
1280 702 1333 764 adi

351 803 478 881 Veneris,
502 820 654 865 censorum
676 801 826 863 severitate
846 802 937 879 elusa,
959 803 1098 883 adjunxit.
1112 803 1265 866 Theatrum
1278 806 1334 869 lle-

349 907 440 983 ncris,
455 905 550 969 Liberi
563 924 678 987 quoque
693 905 796 967 domus
817 912 871 983 est,
888 906 1040 987 omniaque
1062 906 1101 969 ibi
1118 908 1269 988 utriusque
1282 928 1334 990 pa-

350 1010 469 1072 trocinio
484 1009 568 1088 digna
587 1015 736 1087 geruntur.
752 1007 817 1070 lam
831 1010 948 1091 arsipsa
963 1010 1085 1089 scenica,
1102 1012 1186 1091 cujus
1202 1020 1334 1076 auctores

350 1115 379 1175 iu
402 1131 502 1177 eorum
523 1131 595 1194 quos
612 1130 794 1175 exsecramur
811 1112 906 1175 dirum
926 1131 1048 1175 numero
1066 1113 1218 1193 habentur,
1238 1118 1332 1179 velet

350 1222 433 1282 caush
448 1218 609 1299 respuenda
622 1218 659 1279 sit
672 1216 848 1279 Christianis.

389 1322 541 1403 Postqudm
559 1321 645 1400 igitur
659 1320 830 1402 spectacula,
846 1320 1014 1401 interposito
1023 1320 1191 1384 idololatria
1203 1322 1331 1399 nomine,

350 1425 528 1508 proscripsit,
549 1425 586 1488 ad
599 1424 676 1487 aliud
694 1424 911 1505 argumentandi
934 1443 1025 1505 genus
1038 1444 1210 1506 conversus,
1232 1428 1332 1491 eadem

349 1540 382 1593 ut
394 1532 570 1593 irritamenta
583 1528 736 1611 uoluptatis
750 1528 885 1591 damnat:
904 1528 1045 1610 siquidem
1059 1546 1111 1612 per
1122 1531 1171 1593 illa
1185 1532 1334 1595 immeritis

350 1636 421 1700 odiis
440 1634 526 1697 animi
541 1634 700 1715 replentur,
723 1632 771 1714 qui
792 1632 911 1711 diligere
921 1633 1061 1713 jubentur
1080 1634 1165 1697 etiam
1185 1634 1330 1713 inimicos;

247 1771 251 1777 ·
350 1740 437 1802 libido
456 1739 549 1801 carnis
563 1737 737 1815 accenditur,
757 1739 825 1801 dum
847 1740 987 1821 capulam
1000 1740 1110 1802 admitti
1125 1742 1333 1823 vidimusque

348 1844 440 1907 necin
455 1841 648 1923 penetralibus
662 1840 734 1919 geri,
750 1860 803 1903 nec
817 1860 949 1905 sermone
960 1842 1061 1904 reterri
1070 1843 1189 1906 honeste
1200 1852 1328 1926 possunt.

348 1949 488 2030 Denique,
503 1949 524 2009 si
540 1947 584 2009 rel
593 1946 725 2008 nocentis
744 1947 883 2029 supplicio
899 1947 1022 2025 gaudere
1043 1947 1124 2010 furor
1141 1956 1184 2010 est
1198 1948 1331 2011 inhuma-

348 2071 413 2127 nus,
436 2052 542 2131 quantb
564 2048 653 2126 magis
675 2048 766 2111 turbae
788 2050 818 2111 in
833 2070 948 2115 arenam
970 2052 1047 2114 nulla
1063 2053 1099 2115 de
1117 2056 1192 2115 nord
1210 2054 1331 2117 descen-

349 2157 444 2219 dentis·
459 2156 536 2217 caede
556 2154 707 2216 delectari!
731 2162 835 2234 quanta
858 2156 1019 2232 dementia,
1042 2174 1108 2236 quae
1128 2156 1198 2219 aliis
1217 2175 1332 2220 exsera-

350 2279 427 2337 ntur,
442 2278 474 2319 ea
490 2276 542 2339 pro
557 2256 639 2318 licitis
650 2257 724 2318 intra
745 2258 812 2319 circi
832 2258 936 2319 limites
949 2257 1067 2336 babere,
1084 2267 1201 2340 totoque
1217 2267 1332 2341 pectore

349 2365 492 2447 amplecti.
511 2363 623 2441 Omnia,
641 2380 727 2443 penes
744 2361 794 2423 Dei
807 2362 954 2424 veritatem
969 2364 1023 2424 lixa
1041 2371 1119 2441 sunt,
1135 2383 1200 2442 nec,
1214 2364 1331 2427 mutatis

348 2469 429 2544 locis,
442 2474 600 2530 mutantur.
617 2466 758 2529 Praetered
779 2467 845 2528 chm
861 2467 991 2545 gentiles,
1007 2468 1037 2528 in
1050 2467 1183 2530 ludorum
1204 2486 1331 2531 amorem

348 2570 443 2649 effusi,
458 2571 569 2632 lusores
583 2568 767 2632 nihilominus
782 2577 892 2647 notent,
908 2572 1036 2633 omnium
1049 2571 1230 2653 ademptione
1238 2571 1333 2634 hono·

348 2694 413 2737 rum
436 2674 592 2757 capitisque
611 2674 805 2737 deminutione
827 2675 982 2753 damnent,
1008 2677 1113 2756 quantd
1134 2675 1225 2753 magis
1240 2674 1331 2737 duna

345 2780 453 2860 justitia
476 2780 505 2840 in
525 2780 588 2859 ejus
602 2779 679 2841 modi
699 2778 825 2841 artifices
846 2779 1053 2856 animadvertit,
1070 2780 1118 2860 qui
1137 2780 1230 2841 omnia
1248 2779 1331 2841 ubic

347 2884 406 2947 Deo
429 2885 495 2946 data
514 2883 543 2945 in
568 2884 693 2948 deterius
715 2884 898 2963 detorquent,
914 2883 953 2946 nil
976 2885 1119 2964 integrum
1133 2886 1332 2965 sincerumque

316 3034 320 3043 ,
348 2994 504 3064 servantes,
520 2986 649 3067 ausique,
662 2988 856 3067 contraquam
869 2986 1052 3064 Ileosvetuit,
1067 3006 1167 3050 sexum
1181 3005 1333 3050 nonsuum

347 3093 465 3170 fingere.
478 3124 516 3137 -
526 3090 611 3167 Quin,
632 3091 686 3170 Ipsi
703 3090 771 3170 quid
786 3089 945 3153 Christiano
966 3092 1101 3154 sitoshcii
1116 3076 1333 3173 Ethnici‘praes·

348 3194 472 3269 crihunt,
497 3192 546 3271 qui
568 3192 691 3272 aliquem
714 3211 747 3254 ex
767 3194 837 3272 suis,
853 3195 932 3258 nullo
945 3194 1001 3257 alio
1015 3196 1105 3274 magis
1118 3195 1221 3257 indicio
1235 3194 1330 3257 Chris-

348 3296 457 3357 tianum
472 3300 640 3371 agnoscunt,
659 3296 744 3374 qudm
757 3313 791 3357 ex
804 3298 924 3378 repudio
938 3300 1175 3380 spectaculorum,
1191 3297 1281 3376 Igitur
1294 3297 1331 3359 ab

347 3400 394 3462 bis
412 3398 482 3461 locis
500 3398 1110 3482 spectaculisqueabstinendum,inquibus
1132 3419 1190 3463 non
1202 3400 1269 3462 licet
1280 3399 1332 3462 Dei

348 3502 489 3578 laudibus,
510 3501 705 3582 virtutumque
717 3504 962 3566 exercitationibus
981 3506 1048 3567 dare
1062 3522 1196 3586 operam,
1211 3522 1265 3565 nec
1275 3503 1331 3566 illis

349 3607 378 3668 in
400 3607 455 3669 vita
475 3606 633 3687 voluptates
655 3607 817 3688 quaereudae
838 3606 887 3687 qui
905 3608 979 3669 mori
995 3607 1081 3669 etiam
1101 3625 1169 3669 cum
1188 3608 1332 3687 voluptate

349 3710 462 3772 debent.
476 3708 533 3772 hut
546 3710 570 3772 si
583 3710 797 3773 delectamentis
809 3712 865 3773 hoc
878 3710 942 3773 ritae
960 3710 1083 3791 spatium
1097 3710 1214 3788 indiget,
1234 3729 1250 3770 c
1265 3728 1331 3792 quae

350 3834 365 3875 c
389 3816 481 3895 major
494 3813 623 3896 voluptas
636 3817 723 3896 quim
735 3814 876 3877 fastidium
891 3812 980 3894 ipsius
993 3812 1166 3894 voluptatist
1183 3814 1269 3893 quim
1281 3830 1332 3874 er-

350 3936 366 3977 (
388 3934 487 3980 rorum
502 3916 680 3995 recognitio‘l
694 3919 780 3997 quim
800 3924 945 3979 tantorum
963 3920 1043 3979 retrd
1057 3916 1210 3978 criminum
1229 3915 1329 3978 reniet

351 4040 366 4080 u
389 4022 475 4102 quim
494 4038 558 4083 vcra
578 4020 712 4083 libertas?
731 4022 817 4102 quim
837 4021 1009 4085 conscientia
1022 4020 1153 4100 integra‘.l
1173 4021 1249 4101 qubd
1263 4020 1330 4083 deos
