3200 5067
688 355 874 409 PROOEtlltlll.
1248 368 1286 410 vn

306 474 441 557 obsequio
462 472 577 537 militari
595 472 681 554 qudrn
700 472 829 551 ingentes
849 470 990 534 exercitus
1010 470 1144 548 retineas,
1165 470 1205 533 ita
1227 471 1284 533 ui-

305 602 382 664 nime
404 620 465 665 esse
488 600 667 693 mirandum,
681 599 759 682 quod
780 598 918 676 Ecclesia,
941 598 1021 661 urhis
1042 598 1126 661 unius
1145 598 1285 662 maenibus

305 731 425 806 inclusa,
458 747 575 791 auream
603 734 786 809 sanctamque
813 726 1024 809 simplicitatem
1050 726 1160 809 plenius
1188 746 1286 791 serra-

307 857 390 936 verit,
405 858 491 939 quim
505 858 570 922 crim
591 857 670 919 extri
691 855 854 918 Romanurn
868 856 968 918 orbem
982 873 1014 917 se
1025 855 1088 936 jam
1101 862 1293 938 propagaret·

308 984 371 1047 lum
386 996 478 1067 neque
493 1004 543 1047 cor
555 1003 656 1063 unum,
672 1003 765 1067 neque
778 984 871 1045 anima
883 1001 951 1062 una,
962 1001 1055 1065 neque
1066 983 1142 1047 idem
1156 983 1288 1048 omuibus

308 1112 393 1175 ardor
411 1130 463 1174 sua
476 1111 506 1175 iu
519 1112 645 1175 medium
666 1112 842 1191 conferendi,
857 1113 934 1175 unct
947 1112 1150 1195 pauperiorum
1165 1113 1287 1175 fratrum

308 1240 425 1319 egestati
439 1241 656 1305 subveniretur:
672 1260 706 1304 ea
716 1243 778 1323 jain
792 1242 855 1303 laus
868 1241 1030 1305 christinus
1044 1242 1199 1323 disciplina
1210 1242 1290 1324 qubd

308 1387 408 1432 omnes
422 1370 457 1433 ad
471 1388 502 1433 se
515 1378 623 1451 aetates,
640 1371 766 1450 ordines,
781 1360 887 1450 genera
900 1370 964 1432 vitae
971 1370 1145 1435 attrahebat:
1158 1371 1245 1448 unde,
1256 1376 1289 1433 ut

294 1571 296 1578 Α
308 1500 533 1565 Christianorum
547 1501 676 1563 convictu
691 1508 719 1563 et
732 1500 869 1581 exemplis
885 1498 1022 1561 Ethnicos
1035 1499 1071 1561 ad
1085 1499 1204 1562 meliora
1219 1516 1288 1580 pro·

307 1630 401 1691 vocari
416 1646 530 1691 necesse
544 1635 617 1706 erat,
638 1628 675 1690 tu
689 1628 760 1691 illud
774 1646 887 1709 quoque
900 1628 1086 1691 metuendum
1100 1628 1164 1707 icit,
1179 1648 1216 1691 ue
1230 1628 1288 1691 cir·

308 1756 444 1818 cumlusis
474 1756 600 1839 undique
630 1756 808 1837 voluptatum
839 1756 979 1819 illecebris
1001 1756 1055 1837 ipsi
1079 1756 1230 1819 Christiani
1251 1756 1288 1819 ad
1372 1804 1379 1819 ,

307 1903 393 1965 prava
406 1891 617 1974 revocarentur.
633 1882 714 1945 Adde
728 1883 805 1965 quod
818 1901 875 1944 uon
889 1900 1004 1963 semper
1013 1881 1089 1946 idern
1098 1880 1209 1945 hostilis
1219 1901 1289 1965 pro·

307 2000 385 2075 celle‘e
407 2012 498 2090 furor,
520 2031 573 2075 nec
589 2012 694 2074 mnam
709 2012 745 2091 si,
763 2012 940 2074 meonetius
955 2012 1098 2076 interddm
1111 2013 1288 2094 persecutio-

304 2142 399 2221 nibus,
414 2160 467 2225 per
477 2143 555 2226 pacis
567 2143 611 2206 vel
622 2143 797 2207 brevissimae
809 2144 866 2206 otia
879 2144 1008 2226 quaedam
1020 2144 1123 2207 veteris
1134 2144 1288 2229 disciplina

221 2237 227 2249 “
302 2271 446 2354 corruptio
456 2271 605 2355 irreperet.

298 2425 300 2429 ·
343 2398 497 2479 Praetores,
513 2400 596 2462 multi
610 2400 645 2463 dc
657 2400 893 2482 philosophorum
907 2400 1011 2465 scholis
1024 2400 1055 2463 in
1063 2402 1218 2465 Ecclesiam
1230 2402 1285 2465 mi-

301 2548 385 2609 grare
406 2536 577 2611 coeperunt:
605 2530 680 2591 unde
701 2548 848 2593 summum
870 2530 898 2592 in
921 2528 1079 2611 periculum
1100 2514 1221 2595 adducta
1239 2539 1284 2595 est

301 2656 460 2721 christianae
479 2657 634 2739 disciplinae
654 2657 811 2737 integritas.
827 2657 914 2720 Pauci
926 2657 1124 2722 inexhaustam
1137 2653 1221 2724 antea
1234 2680 1285 2724 ve·

302 2782 392 2847 ritalls
414 2784 489 2847 sitim
512 2786 548 2847 de
570 2802 651 2847 sacro
673 2784 817 2863 Evangelii
833 2784 1065 2864 senescentes,
1079 2806 1182 2851 novam
1195 2789 1282 2852 lidem

302 2916 362 2972 toto
377 2916 492 2992 pectore
503 2920 646 2993 arreptam
658 2914 770 2973 summa
781 2912 943 2976 eruditione
952 2914 1169 2995 decoraverunt,
1184 2918 1285 2980 adver-

302 3037 407 3117 susque
427 3055 508 3099 arma
528 3038 671 3119 quondum
690 3057 742 3100 sua
761 3020 844 3103 tuteli
863 3048 941 3119 sunt,
969 3041 1044 3105 hanc
1057 3044 1133 3126 apud
1152 3053 1283 3127 posteros

301 3164 415 3227 laudem
439 3164 630 3243 consecuturi,
654 3172 685 3228 ut
706 3167 869 3232 christianae
891 3170 1087 3253 philosophiae,
1104 3175 1283 3256 totsplendi-

301 3292 425 3355 dissimis
448 3292 568 3373 ingeniis
582 3294 734 3376 aliquando
747 3290 933 3376 illustrandas,
954 3306 1051 3382 patres
1063 3302 1285 3387 conditoresque

211 3388 212 3393 ἵ
301 3420 485 3485 haberentur.
501 3422 556 3485 Alii
569 3425 647 3503 verb,
663 3424 692 3485 in
707 3422 812 3489 Christi
824 3434 916 3489 castra
938 3434 1128 3509 transeuntes,
1145 3450 1203 3494 non
1217 3451 1286 3495 orn-t

300 3566 366 3613 nem
381 3569 446 3613 curn
460 3550 588 3632 Platone,
601 3552 765 3634 Aristotele,
779 3554 914 3637 Epicuro,
926 3557 1051 3637 Zenone,
1062 3559 1284 3623 familiaritatem

300 3678 484 3760 abjecerunt,
512 3689 695 3764 servatasque
721 3683 850 3765 priorum
880 3685 1048 3767 placimrum
1073 3686 1226 3769 particulas
1253 3688 1283 3750 iu

301 3806 460 3871 christianes
473 3808 608 3874 doctrina
622 3828 725 3894 corpus
740 3812 868 3876 inserere
881 3812 976 3875 conati
993 3820 1061 3877 sunt
1076 3834 1084 3876 ε
1102 3834 1118 3877 ‹
1133 3814 1203 3878 lnce
1214 3814 1283 3879 AEo·

304 3932 324 3995 o
343 3954 393 3999 nes
415 3944 444 4000 et
457 3938 555 4005 formae
568 3941 664 4005 nescio
679 3960 753 4023 qum,
770 3949 798 4005 et
817 3941 938 4006 'lrinitas
952 3942 1076 4006 hominis
1091 3918 1166 4025 apud
1180 3942 1283 4007 Valen-
