3200 5067
398 508 429 559 re
674 510 716 561 nn
732 510 764 573 o.
781 511 810 561 s.
827 510 855 561 s.
874 508 1094 561 ruawuunuo

395 628 582 704 provocatur,
597 624 654 687 siae
665 622 850 702 causidicum,
865 622 988 687 erroris
1000 621 1162 703 eloquentia
1174 622 1273 687 torsru
1286 627 1381 707 eapite

393 727 507 807 luetur;
535 728 595 793 sire
614 728 709 810 ipsum
731 746 816 811 opus,
838 726 973 791 otiorum
994 726 1108 809 patroni
1133 726 1181 789 sui
1206 728 1379 808 penituisse

393 832 471 897 haud
491 832 676 897 existimabis.
692 832 783 895 Aliter
806 831 885 895 euim
907 830 995 895 reor
1015 829 1102 895 boet
1122 829 1173 911 qni
1194 831 1380 911 magistratus

392 936 583 1017 permulcere,
596 936 749 1019 clientique
762 937 873 1000 reniam
895 954 1013 1018 quoquo
1034 934 1121 999 modo
1140 934 1296 1017 impetrare
1311 944 1379 1001 stu·

391 1040 485 1117 debit,
500 1040 584 1103 aliter
594 1038 641 1103 cui
655 1041 744 1105 cliens
759 1042 831 1123 ipse,
848 1040 936 1103 attius
948 1039 1056 1122 aliquid
1066 1045 1212 1121 spectans,
1226 1058 1285 1103 uon
1301 1041 1377 1119 utor,

392 1142 444 1205 sed
455 1142 546 1205 laudu
560 1163 632 1223 suae,
651 1164 811 1228 rerumque
830 1145 957 1209 veritatis
978 1163 1079 1209 curam
1097 1144 1292 1223 commiserit3
1309 1147 1376 1226 etsi,

393 1248 500 1326 quantb
516 1248 640 1311 sanctior
653 1250 828 1333 apparuerit,
844 1251 923 1313 tautb
936 1250 1107 1313 iuteonorrs
1119 1250 1174 1313 sibi
1189 1251 1253 1315 iore
1265 1251 1379 1331 judiees

393 1368 445 1433 pro
457 1360 536 1415 certo
549 1354 663 1418 babeat.
680 1354 774 1431 Prior,
794 1374 853 1419 uon
872 1354 996 1433 ueritati,
1017 1354 1070 1417 sed
1088 1353 1176 1416 saluti
1189 1355 1376 1436 prospiciens,

392 1455 486 1519 vultu
511 1458 680 1541 animosque
705 1458 882 1523 audientium
908 1459 1036 1523 intentus
1061 1457 1202 1537 servabit,
1228 1460 1376 1541 quadam,

391 1562 521 1643 quamvis
533 1582 600 1627 vera
611 1572 641 1627 et
653 1564 690 1627 ad
704 1582 820 1627 causam
833 1563 964 1646 apprime
975 1562 1118 1641 noenta,
1129 1562 1272 1642 reticebit,
1287 1564 1379 1628 sino·

393 1666 483 1729 citura
507 1668 683 1748 suspicetur;
705 1668 796 1731 rnulta
818 1667 917 1731 leviter
938 1666 1129 1748 praestringat,
1153 1685 1206 1731 seu
1229 1668 1377 1733 immenti

391 1778 519 1850 paratus,
535 1771 560 1836 si
572 1772 750 1837 oblectentur
763 1772 888 1854 judicos,
898 1790 953 1835 seu
967 1772 1004 1835 ad
1016 1770 1071 1833 alia
1081 1771 1215 1851 uanmre,
1227 1773 1252 1835 si
1263 1772 1377 1853 marim

391 1874 467 1939 serre
481 1876 645 1956 rideantur3
660 1896 726 1961 qum
747 1896 854 1957 negare
876 1876 984 1959 cupiat,
1009 1892 1063 1939 noc
1083 1882 1180 1939 umen
1200 1876 1315 1954 audeat,
1330 1877 1376 1939 his

391 1980 542 2045 ruentium
560 1982 659 2047 induet
680 1982 825 2058 colorem3
854 1981 979 2062 denique
998 1979 1132 2043 omnibus
1144 1986 1242 2042 utenu
1255 1980 1374 2060 artibus,

390 2091 508 2165 propter
517 2104 588 2167 quas
596 2086 740 2149 rhetorica
751 2082 1136 2154 atteruntmbeaPiatone
1144 2093 1308 2166 nuncupata
1317 2094 1372 2149 ast.

392 2185 548 2267 Posterior,
558 2188 689 2271 placendi
703 2188 830 2252 studium
844 2188 991 2264 omittens,
1000 2205 1113 2251 ueceos
1122 2204 1225 2251 curans
1233 2190 1374 2255 flecteret

388 2290 494 2373 quibus
502 2310 534 2357 so
542 2294 620 2356 nouit
628 2293 733 2357 indicta
746 2296 833 2357 causa
841 2294 1022 2371 damnatum,
1032 2310 1090 2355 non
1098 2292 1166 2370 iilis,
1174 2292 1227 2356 sed
1237 2294 1374 2359 universe

389 2394 1374 2483 civitati,sedposterisloquitur:nonigiturjucunda,sedreraquae-

386 2499 624 2577 rit,satishabcus
631 2503 1072 2586 si,oracerbatisquossibisorte
1079 2502 1230 2565 conciliare
1240 2504 1373 2583 fingendo

385 2611 508 2686 poterat,
521 2606 581 2687 ipse
594 2608 784 2690 opprimatur,
793 2608 901 2670 interea
912 2606 1040 2671 ueritatis
1054 2605 1179 2667 iatiusiu
1187 2606 1249 2669 dies
1258 2606 1371 2671 diffusae

384 2710 513 2775 futurum
533 2712 718 2777 maturaverit
738 2711 930 2793 triumphurn.
952 2709 1052 2772 Priore
1071 2708 1246 2772 defensionis
1266 2728 1371 2789 genero

385 2814 603 2898 Xenophontem
611 2817 642 2881 in
655 2816 749 2900 primo
761 2814 981 2879 Memorabilium
990 2814 1116 2878 Suculis
1125 2832 1283 2875 oronnam
1296 2813 1371 2879 libro

386 2936 472 2984 usum
483 2940 547 2985 esse
557 2922 654 3003 doleo;
672 2923 764 3005 quiin
778 2922 808 2985 id
827 2920 908 2985 enixe
921 2920 1044 2997 laborat,
1061 2926 1095 2981 ut
1107 2919 1255 2983 Socratem
1268 2918 1370 2983 obser-

384 3024 580 3089 vantissimum
607 3027 694 3091 fuisse
722 3026 894 3106 religionum
916 3024 1057 3087 cultorem
1087 3024 1264 3106 comprobet.
1287 3023 1370 3089 Dicas

382 3128 529 3194 homiuem
542 3130 653 3194 clientis
670 3131 767 3207 vitam,
783 3148 842 3192 uon
862 3127 989 3191 defuncti
1003 3126 1130 3205 magistri
1145 3127 1252 3189 iarnam
1267 3114 1369 3191 desen·

385 3231 507 3295 danuam
530 3234 704 3315 suscepisse,
726 3232 798 3295 adeb
821 3232 975 3295 maximam
997 3229 1120 3295 Souris
1140 3230 1257 3295 laudern
1280 3232 1370 3313 (qubrl

385 3335 485 3417 impias
496 3336 534 3399 ¹de
546 3335 600 3398 diis
613 3336 723 3399 fabulas
744 3335 825 3397 nihili
847 3335 958 3413 fecerit,
977 3335 1121 3417 pauloque
1144 3336 1264 3418 propiirs
1282 3337 1369 3417 quim

387 3441 483 3503 ceteri
498 3441 535 3504 ad
547 3441 694 3505 verinum
707 3438 808 3502 divinis
821 3438 852 3500 in
863 3437 951 3500 rebus
963 3436 1128 3517 accesserit)
1144 3436 1303 3501 obscurare
1318 3455 1370 3500 co·

386 3551 482 3608 natur.
498 3544 561 3608 Nou
584 3545 623 3609 iti
644 3545 741 3607 coram
759 3542 905 3625 judicibus
927 3542 989 3623 ipse
1010 3539 1153 3619 speram,
1169 3542 1229 3624 qui,
1244 3541 1367 3623 perlecta

385 3668 473 3731 quam
488 3651 594 3733 Lysias,
609 3669 670 3715 suae
688 3650 779 3715 auris
801 3655 947 3713 oratorum
968 3646 1171 3710 diserussimus
1186 3651 1221 3712 ac
1233 3646 1368 3709 suasisse

385 3772 461 3833 mus,
475 3754 643 3838 Apologiam
656 3754 746 3839 ipsius
765 3752 984 3833 conscripserat,
1007 3750 1192 3833 pronunciari
1206 3751 1306 3829 uetuit,
1329 3768 1368 3813 ue

380 3858 492 3941 judices
504 3868 761 3925 commorerentur.
776 3857 876 3939 Neque
888 3856 927 3919 ita
940 3855 1093 3937 Septimius
1103 3862 1214 3934 noster,
1229 3853 1276 3916 cui
1287 3872 1366 3917 oom-

384 3975 497 4049 pertum
515 3965 611 4044 suit,a
633 3965 709 4029 nolle
731 3963 877 4027 veritatem
900 3960 1078 4041 deprecando
1103 3957 1227 4023 defendi.
1243 3956 1302 4020 Scit
1313 3975 1365 4021 re-

385 4092 401 4133 r
423 4074 535 4136 ritasse
549 4070 728 4153 peregrinam
748 4067 778 4131 iu
799 4064 886 4129 terris
907 4081 1005 4144 agere,
1028 4063 1103 4125 iuter
1119 4069 1269 4127 exuaueos
1283 4060 1364 4123 iaciie

310 4238 312 4243 .
384 4198 400 4238 a
422 4176 552 4240 inimicos
568 4174 707 4252 invenire,
723 4170 859 4235 caeterum
872 4187 966 4251 spem,
976 4168 1084 4248 sedern
1098 4166 1231 4248 gratiana,
1243 4163 1364 4243 dignita·
