3200 5067
508 456 692 538 opusculum
709 482 968 538 rntncsoraucuu.
1195 491 1229 541 co

247 599 320 661 ultro
334 598 388 661 sibi
402 597 547 662 inferenda
561 617 568 658 :
584 604 672 677 utque
686 596 779 661 Stoica
795 595 951 659 consolatio
965 600 1009 662 nil
1025 601 1079 663 nisi
1092 601 1228 684 despera-

246 701 352 763 tionem
372 702 521 763 bominum
542 700 651 782 pectori
672 700 767 779 infert,
785 701 825 764 ita
843 702 936 765 Stoica
959 702 1093 783 patientia
1106 705 1137 767 in
1148 721 1227 771 sum·

245 823 325 867 mmn
340 803 525 887 impatientiae
538 803 632 866 scelus
644 800 765 867 desinit:
784 824 800 865 a
816 803 891 869 beus
902 814 969 870 anta
982 807 1080 869 omnia
1099 809 1173 872 cavit
1189 829 1226 875 ne

247 929 262 971 c
284 910 348 991 quis
359 928 412 973 nus
426 916 536 972 teneret
548 908 664 986 invitos3
681 915 758 989 patet
768 908 859 987 esitus
871 930 879 971 ε
892 910 917 972 si
925 928 1121 991 pugnarenon
1130 914 1225 993 vultis,

245 1033 260 1075 u
282 1014 348 1077 licet
358 1014 468 1094 lugere.
490 1014 615 1094 ldebq'ue
629 1030 664 1075 ex
677 1011 811 1075 omnibus
823 1012 911 1075 rebus
923 1032 995 1095 quas
1007 1033 1070 1079 esse
1082 1016 1163 1079 robis
1174 1036 1228 1081 ue·

246 1120 420 1183 «cessarias
441 1119 529 1198 uului,
553 1118 623 1181 nihil
647 1118 700 1181 ieci
723 1116 834 1180 facilius
859 1119 945 1199 qndm
968 1120 1053 1182 mori.
1080 1120 1224 1187 Attendite

245 1241 261 1281 a
282 1222 379 1301 modb,
396 1231 425 1285 et
443 1221 571 1285 videbitis
591 1222 678 1303 quam
693 1221 788 1285 breuis
803 1221 840 1285 nd
854 1221 1014 1287 libertatem
1027 1230 1057 1287 et
1067 1226 1156 1306 qudm
1172 1244 1221 1289 ex·

245 1341 261 1385 c
278 1326 376 1409 pedita
389 1325 525 1390 ducatuia
537 1326 596 1405 (l).
614 1346 629 1387 a

280 1430 375 1510 Longe
392 1430 502 1495 diversa
523 1430 652 1493 oratione
670 1430 706 1493 ad
726 1430 883 1492 certamina
902 1430 1045 1511 patientiae
1057 1432 1167 1496 fortiter
1179 1433 1223 1497 in·

242 1534 334 1597 cunda
349 1534 505 1617 Septimius
517 1532 659 1597 hortatur.
676 1534 787 1616 Quippe
799 1533 1003 1613 imperatorem
1016 1533 1063 1595 cui
1075 1543 1222 1615 pareatur,

241 1643 270 1699 et
289 1654 370 1701 veras
390 1637 564 1719 obsequendi
580 1655 691 1716 causas,
706 1645 737 1700 et
755 1636 901 1717 exemplar
917 1636 1075 1703 imitatione
1090 1638 1223 1720 dignissi-

240 1760 332 1820 mum,
348 1748 378 1804 et
391 1744 497 1821 grande
512 1743 636 1806 victorie
650 1740 812 1823 premium,
826 1758 892 1821 quae
908 1740 1005 1803 omnia
1018 1726 1120 1806 scinco
1132 1744 1221 1807 disci-

240 1844 326 1926 plinae
338 1846 468 1923 deerant,
479 1845 639 1907 christianis
652 1843 788 1906 militibus
796 1843 942 1926 proponit.
952 1842 1075 1917 Quidni?
1086 1847 1153 1907 calm
1163 1854 1221 1911 tota

240 1948 384 2029 patientie
393 1949 539 2031 disciplina
553 1948 639 2011 allec
653 1947 776 2029 pendeat
786 1964 874 2030 quern
888 1936 975 2011 Stoici
987 1964 1032 2025 re,
1046 1947 1071 2010 si
1087 1964 1146 2012 non
1160 1967 1221 2012 ver·
1262 2015 1264 2019 ,

238 2052 294 2131 bis,
313 2054 430 2117 omnino
448 2069 513 2117 esse
533 2052 706 2116 inficianttu.
729 2051 807 2114 licus
819 2051 896 2114 enim
916 2051 1032 2114 anobis
1046 2051 1220 2133 obsequendi

238 2156 418 2239 patiendique
440 2157 567 2220 debitum
588 2156 694 2237 exigit:
712 2174 728 2217 c
743 2154 800 2217 Nos
815 2173 873 2219 non
893 2156 930 2218 de
950 2155 1115 2220 bominibus
1136 2158 1223 2222 modo

241 2278 255 2319 u
278 2260 556 2337 servitutesubnixis,
569 2259 747 2341 velquolibet
756 2259 886 2341 aliojure
895 2259 1069 2323 debitoribus
1080 2260 1220 2343 obsequii,
1235 2262 1242 2270 “

240 2362 376 2425 (verbm
399 2362 484 2425 etiam
510 2364 546 2425 de
569 2363 734 2445 pecudibus,
759 2364 845 2425 etiam
865 2364 902 2425 de
920 2363 1019 2426 bestiis
1032 2364 1220 2431 obedientiam

241 2484 256 2525 a
277 2467 474 2548 exprimimus,
490 2466 678 2549 intelligentes
693 2466 792 2529 usibus
800 2468 914 2530 -nostris
930 2468 1080 2532 abomino
1095 2469 1221 2550 provisas

240 2588 255 2629 a
278 2571 463 2652 traditasque.
479 2570 595 2635 Meliora
609 2570 866 2649 ergd'nubiserunt
878 2570 1048 2655 inobsequii
1059 2572 1219 2653 disciplina,

243 2693 258 2734 a
280 2692 344 2756 quae
355 2675 437 2739 nobis
450 2676 532 2739 Deus
540 2675 657 2738 subdit?
670 2677 837 2755 Agnoscunt
849 2675 972 2756 denique
985 2692 1050 2756 quae
1062 2675 1217 2742 obediunt:

240 2796 256 2835 a
277 2794 329 2839 nos
348 2778 394 2839 cui
408 2777 461 2840 soli
474 2779 580 2842 subditi
593 2798 703 2857 sumus,
722 2778 844 2842 Domino
858 2777 977 2856 scilicet,
991 2779 1153 2840 auscultare
1164 2778 1221 2841 dn-

240 2897 255 2937 «
277 2878 420 2943 bitumus‘l
441 2880 477 2941 At
499 2883 585 2963 quam
609 2883 747 2964 injustum
772 2889 828 2961 est,
850 2884 936 2964 quam
957 2881 1042 2944 edam
1064 2882 1217 2963 ingratum,

239 3002 255 3043 a
276 2983 354 3064 quod
372 3003 425 3067 per
438 2987 554 3050 alterius
574 2987 778 3067 indulgentiam
793 2988 830 3049 de
847 2987 911 3050 aliis
927 2987 1121 3068 consequaris,
1142 2986 1218 3049 idem

239 3106 254 3149 c
276 3088 315 3153 illi
329 3109 479 3173 perquem
494 3093 677 3173 consequeris
689 3092 724 3154 de
734 3092 884 3174 temetipso
893 3112 952 3156 non
960 3093 1119 3174 rependere
1131 3094 1188 3171 (bil
1201 3112 1217 3155 ›

236 3228 276 3239 —-
289 3194 364 3256 Deus
377 3194 485 3257 homini
498 3196 620 3258 maxima
632 3196 773 3277 patientiae
785 3196 892 3277 prabet
902 3196 1091 3259 documenta:
1106 3195 1219 3258 «Nobis

238 3316 253 3357 a
275 3299 442 3361 exercende
464 3298 606 3379 patientiae
626 3298 826 3361 auctoritatem
847 3316 904 3360 nnn
932 3297 1071 3360 affectatio
1091 3299 1217 3360 bumana

235 3420 250 3461 c
273 3398 382 3464 caninae
395 3403 612 3484 equanimitatis
628 3410 746 3484 stupore
758 3402 891 3479 formata,
901 3400 952 3463 sed
964 3401 1032 3463 vivas
1044 3421 1079 3465 ac
1093 3402 1216 3467 caelestis

235 3522 250 3563 a
272 3504 427 3587 disciplinae
441 3505 533 3569 divina
548 3506 694 3587 dispositio
708 3506 830 3587 delegat,
848 3507 938 3569 ileum
951 3504 1046 3586 ipsum
1060 3506 1214 3568 ostendens

234 3624 249 3665 a
271 3607 413 3688 patientiae
427 3608 600 3690 exemplum,
616 3610 665 3690 qui
682 3628 779 3673 rorem
797 3611 868 3674 lucis
879 3611 966 3692 hujus
980 3626 1067 3689 super
1077 3610 1172 3689 justos
1185 3617 1214 3671 et

234 3727 249 3769 u
271 3710 392 3793 injustos
404 3713 550 3794 equaliter
564 3714 681 3795 spargit,
701 3714 788 3796 qui...
811 3713 897 3777 tubus
910 3718 1021 3775 nuturae
1031 3708 1138 3773 tributa
1151 3710 1214 3791 dig-

234 3832 249 3873 a
271 3814 314 3876 nis
328 3815 413 3878 simul
426 3823 455 3879 et
469 3816 591 3896 indignis
603 3818 707 3899 patitur
723 3836 887 3899 occurrere,
900 3816 1042 3880 sustinens
1055 3814 1212 3897 ingratissi-

264 4019 297 4085 (l)
312 4020 372 4072 Seu.
387 4022 419 4074 de
433 4023 544 4087 Proald„
561 4024 573 4087 5
588 4026 614 4074 6.

262 4111 297 4177 (b)
308 4114 377 4164 Tert.
391 4114 423 4165 tle
436 4116 491 4165 Pat.
