<?xml version="1.0" encoding="UTF-8"?>
<!DOCTYPE html PUBLIC "-//W3C//DTD XHTML 1.0 Transitional//EN"
    "http://www.w3.org/TR/xhtml1/DTD/xhtml1-transitional.dtd">
<html xmlns="http://www.w3.org/1999/xhtml" xml:lang="en" lang="en">
 <head>
  <title>
</title>
<meta http-equiv="Content-Type" content="text/html;charset=utf-8" />
  <meta name='ocr-system' content='tesseract 3.04.00' />
  <meta name='ocr-capabilities' content='ocr_page ocr_carea ocr_par ocr_line ocrx_word'/>
</head>
<body>
  <div class='ocr_page' id='page_1' title='image "./deqsftertullian00marggoog_0073.png"; bbox 0 0 3200 5067; ppageno 0'>
   <div class='ocr_carea' id='block_1_1' title="bbox 505 478 1232 542">
    <p class='ocr_par' dir='ltr' id='par_1_1' title="bbox 505 478 1232 542">
     <span class='ocr_line' id='line_1_1' title="bbox 505 478 1232 542; baseline 0 -11"><span class='ocrx_word' id='word_1_1' title='bbox 505 478 690 531; x_wconf 71' lang='lat' dir='ltr'><strong>(lausdunum</strong></span> <span class='ocrx_word' id='word_1_2' title='bbox 708 478 966 542; x_wconf 75' lang='lat' dir='ltr'><strong>Putuosonuloun.</strong></span> <span class='ocrx_word' id='word_1_3' title='bbox 1198 481 1232 531; x_wconf 70' lang='grc'><strong>53</strong></span> 
     </span>
    </p>
   </div>
   <div class='ocr_carea' id='block_1_2' title="bbox 251 591 1234 980">
    <p class='ocr_par' dir='ltr' id='par_1_2' title="bbox 251 591 1234 980">
     <span class='ocr_line' id='line_1_2' title="bbox 252 591 1233 672; baseline 0.001 -19"><span class='ocrx_word' id='word_1_4' title='bbox 252 592 312 654; x_wconf 88' lang='lat' dir='ltr'><strong>acio</strong></span> <span class='ocrx_word' id='word_1_5' title='bbox 325 593 381 672; x_wconf 74' lang='lat' dir='ltr'><strong>qua</strong></span> <span class='ocrx_word' id='word_1_6' title='bbox 399 608 498 658; x_wconf 87' lang='lat' dir='ltr'><strong>verum</strong></span> <span class='ocrx_word' id='word_1_7' title='bbox 513 593 529 651; x_wconf 80' lang='lat' dir='ltr'><strong>a</strong></span> <span class='ocrx_word' id='word_1_8' title='bbox 543 592 615 652; x_wconf 88' lang='lat' dir='ltr'><strong>lalso</strong></span> <span class='ocrx_word' id='word_1_9' title='bbox 630 606 780 652; x_wconf 79' lang='lat' dir='ltr'><strong>secernere</strong></span> <span class='ocrx_word' id='word_1_10' title='bbox 800 591 938 668; x_wconf 84' lang='lat' dir='ltr'><strong>valemus,</strong></span> <span class='ocrx_word' id='word_1_11' title='bbox 953 591 1155 669; x_wconf 84' lang='lat' dir='ltr'><strong>interrogatus,</strong></span> <span class='ocrx_word' id='word_1_12' title='bbox 1176 594 1233 653; x_wconf 84' lang='lat' dir='ltr'><strong>mi-</strong></span> 
     </span>
     <span class='ocr_line' id='line_1_3' title="bbox 251 692 1230 776; baseline 0.003 -20"><span class='ocrx_word' id='word_1_13' title='bbox 251 696 335 774; x_wconf 79' lang='lat' dir='ltr'><strong>eotopi</strong></span> <span class='ocrx_word' id='word_1_14' title='bbox 358 695 517 775; x_wconf 90' lang='lat' dir='ltr'><strong>cujusdam,</strong></span> <span class='ocrx_word' id='word_1_15' title='bbox 542 700 573 755; x_wconf 90' lang='lat' dir='ltr'><strong>ut</strong></span> <span class='ocrx_word' id='word_1_16' title='bbox 595 692 635 755; x_wconf 86' lang='lat' dir='ltr'><strong>ait</strong></span> <span class='ocrx_word' id='word_1_17' title='bbox 658 693 749 771; x_wconf 84' lang='lat' dir='ltr'><strong>Plato,</strong></span> <span class='ocrx_word' id='word_1_18' title='bbox 770 712 921 776; x_wconf 87' lang='lat' dir='ltr'><strong>personam</strong></span> <span class='ocrx_word' id='word_1_19' title='bbox 943 694 1056 757; x_wconf 75' lang='lat' dir='ltr'><strong>udatur</strong></span> <span class='ocrx_word' id='word_1_20' title='bbox 1078 695 1230 759; x_wconf 84' lang='lat' dir='ltr'><strong>sustinere.</strong></span> 
     </span>
     <span class='ocr_line' id='line_1_4' title="bbox 251 796 1234 878; baseline 0.002 -19"><span class='ocrx_word' id='word_1_21' title='bbox 251 797 342 859; x_wconf 87' lang='lat' dir='ltr'><strong>Nemo</strong></span> <span class='ocrx_word' id='word_1_22' title='bbox 356 796 540 877; x_wconf 91' lang='lat' dir='ltr'><strong>philosophos</strong></span> <span class='ocrx_word' id='word_1_23' title='bbox 554 796 646 858; x_wconf 88' lang='lat' dir='ltr'><strong>aorids</strong></span> <span class='ocrx_word' id='word_1_24' title='bbox 659 796 828 874; x_wconf 81' lang='lat' dir='ltr'><strong>insectatur,</strong></span> <span class='ocrx_word' id='word_1_25' title='bbox 841 816 927 859; x_wconf 92' lang='lat' dir='ltr'><strong>nemo</strong></span> <span class='ocrx_word' id='word_1_26' title='bbox 943 797 1130 878; x_wconf 73' lang='lat' dir='ltr'><strong>philosophie</strong></span> <span class='ocrx_word' id='word_1_27' title='bbox 1142 799 1234 861; x_wconf 88' lang='lat' dir='ltr'><strong>socie-</strong></span> 
     </span>
     <span class='ocr_line' id='line_1_5' title="bbox 251 899 1234 980; baseline 0.001 -19"><span class='ocrx_word' id='word_1_28' title='bbox 251 907 349 976; x_wconf 82' lang='lat' dir='ltr'><strong>tatem,</strong></span> <span class='ocrx_word' id='word_1_29' title='bbox 366 900 526 961; x_wconf 75' lang='lat' dir='ltr'><strong>christiane</strong></span> <span class='ocrx_word' id='word_1_30' title='bbox 539 900 695 980; x_wconf 86' lang='lat' dir='ltr'><strong>disciplinae</strong></span> <span class='ocrx_word' id='word_1_31' title='bbox 707 902 724 961; x_wconf 77' lang='lat' dir='ltr'><strong>a</strong></span> <span class='ocrx_word' id='word_1_32' title='bbox 737 899 881 961; x_wconf 81' lang='lat' dir='ltr'>nonnullis</span> <span class='ocrx_word' id='word_1_33' title='bbox 895 899 1030 976; x_wconf 85' lang='lat' dir='ltr'><strong>oblatam,</strong></span> <span class='ocrx_word' id='word_1_34' title='bbox 1041 899 1234 978; x_wconf 71' lang='lat' dir='ltr'><strong>indignantids</strong></span> 
     </span>
    </p>
   </div>
   <div class='ocr_carea' id='block_1_3' title="bbox 145 1002 1236 1084">
    <p class='ocr_par' dir='ltr' id='par_1_3' title="bbox 145 1002 1236 1084">
     <span class='ocr_line' id='line_1_6' title="bbox 145 1002 1236 1084; baseline 0.002 -21"><span class='ocrx_word' id='word_1_35' title='bbox 145 1032 151 1042; x_wconf 90' lang='lat'>·</span> <span class='ocrx_word' id='word_1_36' title='bbox 252 1002 377 1083; x_wconf 83' lang='lat' dir='ltr'><strong>respuit:</strong></span> <span class='ocrx_word' id='word_1_37' title='bbox 394 1003 503 1064; x_wconf 91' lang='lat' dir='ltr'><strong>nemini</strong></span> <span class='ocrx_word' id='word_1_38' title='bbox 514 1004 550 1066; x_wconf 90' lang='lat' dir='ltr'><strong>de</strong></span> <span class='ocrx_word' id='word_1_39' title='bbox 564 1004 690 1067; x_wconf 75' lang='lat' dir='ltr'><strong>humana</strong></span> <span class='ocrx_word' id='word_1_40' title='bbox 704 1003 816 1065; x_wconf 91' lang='lat' dir='ltr'><strong>ratione</strong></span> <span class='ocrx_word' id='word_1_41' title='bbox 830 1004 893 1083; x_wconf 87' lang='lat' dir='ltr'><strong>plns</strong></span> <span class='ocrx_word' id='word_1_42' title='bbox 906 1002 996 1078; x_wconf 88' lang='lat' dir='ltr'><strong>licuit,</strong></span> <span class='ocrx_word' id='word_1_43' title='bbox 1011 1021 1096 1084; x_wconf 89' lang='lat' dir='ltr'><strong>qnam</strong></span> <span class='ocrx_word' id='word_1_44' title='bbox 1111 1022 1144 1065; x_wconf 88' lang='lat' dir='ltr'><strong>se</strong></span> <span class='ocrx_word' id='word_1_45' title='bbox 1155 1003 1236 1065; x_wconf 90' lang='lat' dir='ltr'><strong>nihili</strong></span> 
     </span>
    </p>
   </div>
   <div class='ocr_carea' id='block_1_4' title="bbox 212 1106 1238 3678">
    <p class='ocr_par' dir='ltr' id='par_1_4' title="bbox 252 1106 1233 1293">
     <span class='ocr_line' id='line_1_7' title="bbox 252 1106 1233 1189; baseline 0.004 -22"><span class='ocrx_word' id='word_1_46' title='bbox 252 1106 344 1169; x_wconf 85' lang='lat' dir='ltr'><strong>faeere</strong></span> <span class='ocrx_word' id='word_1_47' title='bbox 367 1107 542 1187; x_wconf 70' lang='lat' dir='ltr'><strong>apertissime</strong></span> <span class='ocrx_word' id='word_1_48' title='bbox 566 1110 724 1189; x_wconf 85' lang='lat' dir='ltr'><strong>profitetur.</strong></span> <span class='ocrx_word' id='word_1_49' title='bbox 750 1108 878 1185; x_wconf 83' lang='lat' dir='ltr'><strong>Longum</strong></span> <span class='ocrx_word' id='word_1_50' title='bbox 902 1115 945 1170; x_wconf 92' lang='lat' dir='ltr'><strong>est</strong></span> <span class='ocrx_word' id='word_1_51' title='bbox 968 1109 1080 1187; x_wconf 77' lang='lat' dir='ltr'><strong>singrda</strong></span> <span class='ocrx_word' id='word_1_52' title='bbox 1103 1109 1233 1172; x_wconf 82' lang='lat' dir='ltr'><strong>reterre:</strong></span> 
     </span>
     <span class='ocr_line' id='line_1_8' title="bbox 255 1194 950 1293; baseline -0.001 -21"><span class='ocrx_word' id='word_1_53' title='bbox 255 1230 343 1293; x_wconf 89' lang='lat' dir='ltr'><strong>pauca</strong></span> <span class='ocrx_word' id='word_1_54' title='bbox 360 1214 376 1273; x_wconf 81' lang='lat' dir='ltr'><strong>d</strong></span> <span class='ocrx_word' id='word_1_55' title='bbox 391 1212 486 1274; x_wconf 88' lang='lat' dir='ltr'><strong>multis</strong></span> <span class='ocrx_word' id='word_1_56' title='bbox 500 1213 529 1275; x_wconf 92' lang='lat' dir='ltr'><strong>in</strong></span> <span class='ocrx_word' id='word_1_57' title='bbox 544 1194 671 1293; x_wconf 84' lang='lat' dir='ltr'><strong>Septimii</strong></span> <span class='ocrx_word' id='word_1_58' title='bbox 685 1212 764 1276; x_wconf 90' lang='lat' dir='ltr'><strong>libris</strong></span> <span class='ocrx_word' id='word_1_59' title='bbox 779 1210 950 1288; x_wconf 83' lang='lat' dir='ltr'><strong>seligemus:</strong></span> 
     </span>
    </p>

    <p class='ocr_par' dir='ltr' id='par_1_5' title="bbox 224 1313 1237 1808">
     <span class='ocr_line' id='line_1_9' title="bbox 295 1313 1236 1397; baseline 0.006 -22"><span class='ocrx_word' id='word_1_60' title='bbox 295 1336 310 1375; x_wconf 77' lang='lat' dir='ltr'><strong>a</strong></span> <span class='ocrx_word' id='word_1_61' title='bbox 333 1315 405 1389; x_wconf 84' lang='lat' dir='ltr'><strong>Quid</strong></span> <span class='ocrx_word' id='word_1_62' title='bbox 419 1316 511 1378; x_wconf 92' lang='lat' dir='ltr'><strong>simile</strong></span> <span class='ocrx_word' id='word_1_63' title='bbox 533 1316 734 1397; x_wconf 76' lang='lat' dir='ltr'><strong>philosophuS,</strong></span> <span class='ocrx_word' id='word_1_64' title='bbox 751 1321 781 1377; x_wconf 91' lang='lat' dir='ltr'><strong>et</strong></span> <span class='ocrx_word' id='word_1_65' title='bbox 794 1313 989 1380; x_wconf 76' lang='lat' dir='ltr'><strong>Christianus?</strong></span> <span class='ocrx_word' id='word_1_66' title='bbox 1012 1315 1130 1381; x_wconf 75' lang='lat' dir='ltr'><strong>Graeciae</strong></span> <span class='ocrx_word' id='word_1_67' title='bbox 1143 1318 1236 1392; x_wconf 74' lang='lat' dir='ltr'><strong>¹disei-</strong></span> 
     </span>
     <span class='ocr_line' id='line_1_10' title="bbox 255 1418 1236 1501; baseline 0.007 -22"><span class='ocrx_word' id='word_1_68' title='bbox 255 1440 270 1479; x_wconf 85' lang='lat' dir='ltr'><strong>o</strong></span> <span class='ocrx_word' id='word_1_69' title='bbox 294 1420 387 1501; x_wconf 89' lang='lat' dir='ltr'><strong>putus,</strong></span> <span class='ocrx_word' id='word_1_70' title='bbox 404 1427 432 1481; x_wconf 93' lang='lat' dir='ltr'><strong>et</strong></span> <span class='ocrx_word' id='word_1_71' title='bbox 449 1418 543 1482; x_wconf 74' lang='lat' dir='ltr'><strong>cuerit</strong></span> <span class='ocrx_word' id='word_1_72' title='bbox 554 1421 637 1483; x_wconf 80' lang='lat' dir='ltr'><strong>lamae</strong></span> <span class='ocrx_word' id='word_1_73' title='bbox 652 1420 823 1498; x_wconf 82' lang='lat' dir='ltr'><strong>negotiator,</strong></span> <span class='ocrx_word' id='word_1_74' title='bbox 839 1426 869 1481; x_wconf 93' lang='lat' dir='ltr'><strong>et</strong></span> <span class='ocrx_word' id='word_1_75' title='bbox 888 1418 1009 1480; x_wconf 80' lang='lat' dir='ltr'><strong>salutis‘?</strong></span> <span class='ocrx_word' id='word_1_76' title='bbox 1025 1420 1189 1498; x_wconf 71' lang='lat' dir='ltr'><strong>neruorum,</strong></span> <span class='ocrx_word' id='word_1_77' title='bbox 1206 1431 1236 1486; x_wconf 85' lang='lat' dir='ltr'><strong>et</strong></span> 
     </span>
     <span class='ocr_line' id='line_1_11' title="bbox 255 1514 1237 1602; baseline 0.004 -20"><span class='ocrx_word' id='word_1_78' title='bbox 255 1541 270 1582; x_wconf 78' lang='lat' dir='ltr'><strong>r</strong></span> <span class='ocrx_word' id='word_1_79' title='bbox 292 1522 431 1584; x_wconf 85' lang='lat' dir='ltr'><strong>laetorum</strong></span> <span class='ocrx_word' id='word_1_80' title='bbox 446 1521 596 1602; x_wconf 72' lang='lat' dir='ltr'><strong>operator?</strong></span> <span class='ocrx_word' id='word_1_81' title='bbox 610 1514 709 1583; x_wconf 87' lang='lat' dir='ltr'><strong>renum</strong></span> <span class='ocrx_word' id='word_1_82' title='bbox 723 1520 888 1596; x_wconf 75' lang='lat' dir='ltr'><strong>aedificator,</strong></span> <span class='ocrx_word' id='word_1_83' title='bbox 906 1527 936 1581; x_wconf 88' lang='lat' dir='ltr'><strong>et</strong></span> <span class='ocrx_word' id='word_1_84' title='bbox 949 1520 1127 1583; x_wconf 74' lang='lat' dir='ltr'><strong>destructor?</strong></span> <span class='ocrx_word' id='word_1_85' title='bbox 1146 1521 1237 1586; x_wconf 89' lang='lat' dir='ltr'><strong>inter·</strong></span> 
     </span>
     <span class='ocr_line' id='line_1_12' title="bbox 224 1623 1237 1708; baseline 0.006 -23"><span class='ocrx_word' id='word_1_86' title='bbox 224 1646 234 1653; x_wconf 92' lang='lat'><strong>··</strong></span> <span class='ocrx_word' id='word_1_87' title='bbox 255 1646 270 1685; x_wconf 80' lang='lat' dir='ltr'><strong>u</strong></span> <span class='ocrx_word' id='word_1_88' title='bbox 293 1625 405 1705; x_wconf 87' lang='lat' dir='ltr'><strong>polator</strong></span> <span class='ocrx_word' id='word_1_89' title='bbox 429 1625 551 1703; x_wconf 88' lang='lat' dir='ltr'><strong>erroris,</strong></span> <span class='ocrx_word' id='word_1_90' title='bbox 575 1633 605 1687; x_wconf 90' lang='lat' dir='ltr'><strong>et</strong></span> <span class='ocrx_word' id='word_1_91' title='bbox 627 1625 783 1703; x_wconf 84' lang='lat' dir='ltr'><strong>integrator</strong></span> <span class='ocrx_word' id='word_1_92' title='bbox 806 1623 952 1688; x_wconf 78' lang='lat' dir='ltr'><strong>ueritatis‘.l</strong></span> <span class='ocrx_word' id='word_1_93' title='bbox 977 1624 1087 1687; x_wconf 84' lang='lat' dir='ltr'><strong>iurator</strong></span> <span class='ocrx_word' id='word_1_94' title='bbox 1107 1629 1180 1708; x_wconf 87' lang='lat' dir='ltr'><strong>ejus,</strong></span> <span class='ocrx_word' id='word_1_95' title='bbox 1207 1635 1237 1691; x_wconf 91' lang='lat' dir='ltr'><strong>et</strong></span> 
     </span>
     <span class='ocr_line' id='line_1_13' title="bbox 255 1728 475 1808; baseline -0.014 -19"><span class='ocrx_word' id='word_1_96' title='bbox 255 1749 270 1789; x_wconf 78' lang='lat' dir='ltr'><strong>&lt;r</strong></span> <span class='ocrx_word' id='word_1_97' title='bbox 294 1735 390 1791; x_wconf 85' lang='lat' dir='ltr'><strong>eustos</strong></span> <span class='ocrx_word' id='word_1_98' title='bbox 407 1728 475 1808; x_wconf 84' lang='lat' dir='ltr'><strong>(l)‘l</strong></span> 
     </span>
    </p>

    <p class='ocr_par' dir='ltr' id='par_1_6' title="bbox 212 1830 1238 2429">
     <span class='ocr_line' id='line_1_14' title="bbox 295 1830 1237 1916; baseline 0.006 -25"><span class='ocrx_word' id='word_1_99' title='bbox 295 1851 311 1891; x_wconf 75' lang='lat' dir='ltr'><strong>r</strong></span> <span class='ocrx_word' id='word_1_100' title='bbox 335 1831 500 1911; x_wconf 86' lang='lat' dir='ltr'><strong>Philosophi</strong></span> <span class='ocrx_word' id='word_1_101' title='bbox 517 1831 547 1892; x_wconf 94' lang='lat' dir='ltr'><strong>in</strong></span> <span class='ocrx_word' id='word_1_102' title='bbox 561 1830 700 1893; x_wconf 86' lang='lat' dir='ltr'><strong>incertum</strong></span> <span class='ocrx_word' id='word_1_103' title='bbox 724 1832 900 1895; x_wconf 87' lang='lat' dir='ltr'><strong>miscuerunt</strong></span> <span class='ocrx_word' id='word_1_104' title='bbox 922 1834 1009 1895; x_wconf 89' lang='lat' dir='ltr'><strong>etiam</strong></span> <span class='ocrx_word' id='word_1_105' title='bbox 1025 1836 1101 1916; x_wconf 93' lang='lat' dir='ltr'><strong>quod</strong></span> <span class='ocrx_word' id='word_1_106' title='bbox 1120 1835 1237 1897; x_wconf 86' lang='lat' dir='ltr'><strong>invene-</strong></span> 
     </span>
     <span class='ocr_line' id='line_1_15' title="bbox 256 1935 1237 2014; baseline 0.001 -17"><span class='ocrx_word' id='word_1_107' title='bbox 256 1957 270 1997; x_wconf 79' lang='lat' dir='ltr'><strong>e</strong></span> <span class='ocrx_word' id='word_1_108' title='bbox 294 1943 362 1997; x_wconf 91' lang='lat' dir='ltr'><strong>runt</strong></span> <span class='ocrx_word' id='word_1_109' title='bbox 375 1942 502 1999; x_wconf 84' lang='lat' dir='ltr'><strong>eertum:</strong></span> <span class='ocrx_word' id='word_1_110' title='bbox 515 1935 661 1997; x_wconf 87' lang='lat' dir='ltr'><strong>inventurn</strong></span> <span class='ocrx_word' id='word_1_111' title='bbox 675 1936 750 1997; x_wconf 89' lang='lat' dir='ltr'><strong>enim</strong></span> <span class='ocrx_word' id='word_1_112' title='bbox 764 1936 945 1998; x_wconf 85' lang='lat' dir='ltr'><strong>solummodo</strong></span> <span class='ocrx_word' id='word_1_113' title='bbox 956 1936 1059 2014; x_wconf 86' lang='lat' dir='ltr'><strong>Deum,</strong></span> <span class='ocrx_word' id='word_1_114' title='bbox 1073 1956 1130 1998; x_wconf 93' lang='lat' dir='ltr'><strong>uon</strong></span> <span class='ocrx_word' id='word_1_115' title='bbox 1145 1945 1178 1998; x_wconf 89' lang='lat' dir='ltr'><strong>ut</strong></span> <span class='ocrx_word' id='word_1_116' title='bbox 1191 1938 1237 1998; x_wconf 93' lang='lat' dir='ltr'><strong>in-</strong></span> 
     </span>
     <span class='ocr_line' id='line_1_16' title="bbox 212 2023 1238 2129; baseline 0.009 -35"><span class='ocrx_word' id='word_1_117' title='bbox 212 2081 217 2094; x_wconf 48' lang='lat'><strong>,</strong></span> <span class='ocrx_word' id='word_1_118' title='bbox 258 2058 273 2099; x_wconf 92' lang='lat'>«</span> <span class='ocrx_word' id='word_1_119' title='bbox 296 2023 433 2101; x_wconf 68' lang='lat' dir='ltr'><strong>renuant</strong></span> <span class='ocrx_word' id='word_1_120' title='bbox 446 2038 698 2120; x_wconf 85' lang='lat' dir='ltr'><strong>disputaverunt...</strong></span> <span class='ocrx_word' id='word_1_121' title='bbox 709 2038 766 2101; x_wconf 81' lang='lat' dir='ltr'><strong>Alii</strong></span> <span class='ocrx_word' id='word_1_122' title='bbox 778 2038 988 2119; x_wconf 81' lang='lat' dir='ltr'><strong>incorporalem</strong></span> <span class='ocrx_word' id='word_1_123' title='bbox 999 2048 1176 2129; x_wconf 83' lang='lat' dir='ltr'><strong>asseverant,</strong></span> <span class='ocrx_word' id='word_1_124' title='bbox 1191 2042 1238 2103; x_wconf 90' lang='lat' dir='ltr'><strong>alii</strong></span> 
     </span>
     <span class='ocr_line' id='line_1_17' title="bbox 256 2140 1237 2223; baseline 0.002 -20"><span class='ocrx_word' id='word_1_125' title='bbox 256 2162 272 2203; x_wconf 83' lang='lat' dir='ltr'><strong>o</strong></span> <span class='ocrx_word' id='word_1_126' title='bbox 297 2142 532 2223; x_wconf 55' lang='lat' dir='ltr'><strong>corporalemn„</strong></span> <span class='ocrx_word' id='word_1_127' title='bbox 549 2140 596 2202; x_wconf 90' lang='lat' dir='ltr'><strong>alii</strong></span> <span class='ocrx_word' id='word_1_128' title='bbox 607 2160 641 2203; x_wconf 83' lang='lat' dir='ltr'><strong>eu</strong></span> <span class='ocrx_word' id='word_1_129' title='bbox 655 2142 767 2217; x_wconf 86' lang='lat' dir='ltr'><strong>atomis,</strong></span> <span class='ocrx_word' id='word_1_130' title='bbox 777 2142 824 2204; x_wconf 86' lang='lat' dir='ltr'><strong>alii</strong></span> <span class='ocrx_word' id='word_1_131' title='bbox 833 2161 866 2204; x_wconf 84' lang='lat' dir='ltr'><strong>ex</strong></span> <span class='ocrx_word' id='word_1_132' title='bbox 875 2142 1040 2204; x_wconf 87' lang='lat' dir='ltr'><strong>numeris...</strong></span> <span class='ocrx_word' id='word_1_133' title='bbox 1052 2144 1087 2205; x_wconf 85' lang='lat' dir='ltr'><strong>Et</strong></span> <span class='ocrx_word' id='word_1_134' title='bbox 1101 2143 1237 2205; x_wconf 79' lang='lat' dir='ltr'><strong>Platonici</strong></span> 
     </span>
     <span class='ocr_line' id='line_1_18' title="bbox 257 2244 1236 2329; baseline 0.002 -22"><span class='ocrx_word' id='word_1_135' title='bbox 257 2268 271 2307; x_wconf 80' lang='lat' dir='ltr'><strong>o</strong></span> <span class='ocrx_word' id='word_1_136' title='bbox 293 2247 407 2329; x_wconf 90' lang='lat' dir='ltr'><strong>quidem</strong></span> <span class='ocrx_word' id='word_1_137' title='bbox 423 2254 571 2309; x_wconf 88' lang='lat' dir='ltr'><strong>curantem</strong></span> <span class='ocrx_word' id='word_1_138' title='bbox 587 2264 701 2323; x_wconf 80' lang='lat' dir='ltr'><strong>rerum3</strong></span> <span class='ocrx_word' id='word_1_139' title='bbox 725 2246 824 2307; x_wconf 77' lang='lat' dir='ltr'><strong>contra</strong></span> <span class='ocrx_word' id='word_1_140' title='bbox 843 2244 976 2325; x_wconf 85' lang='lat' dir='ltr'><strong>Epicurei</strong></span> <span class='ocrx_word' id='word_1_141' title='bbox 998 2246 1120 2308; x_wconf 92' lang='lat' dir='ltr'><strong>otiosum</strong></span> <span class='ocrx_word' id='word_1_142' title='bbox 1144 2255 1173 2308; x_wconf 92' lang='lat' dir='ltr'><strong>et</strong></span> <span class='ocrx_word' id='word_1_143' title='bbox 1190 2248 1236 2309; x_wconf 91' lang='lat' dir='ltr'><strong>in-</strong></span> 
     </span>
     <span class='ocr_line' id='line_1_19' title="bbox 257 2343 1234 2429; baseline -0.001 -18"><span class='ocrx_word' id='word_1_144' title='bbox 257 2350 459 2427; x_wconf 29' lang='lat' dir='ltr'><strong>ateuercitom,</strong></span> <span class='ocrx_word' id='word_1_145' title='bbox 476 2356 516 2426; x_wconf 90' lang='lat' dir='ltr'><strong>et,</strong></span> <span class='ocrx_word' id='word_1_146' title='bbox 532 2356 564 2411; x_wconf 83' lang='lat' dir='ltr'><strong>ut</strong></span> <span class='ocrx_word' id='word_1_147' title='bbox 578 2350 616 2410; x_wconf 82' lang='lat' dir='ltr'><strong>ita</strong></span> <span class='ocrx_word' id='word_1_148' title='bbox 625 2349 755 2425; x_wconf 84' lang='lat' dir='ltr'><strong>dixerim,</strong></span> <span class='ocrx_word' id='word_1_149' title='bbox 768 2343 912 2407; x_wconf 90' lang='lat' dir='ltr'><strong>neminem</strong></span> <span class='ocrx_word' id='word_1_150' title='bbox 928 2347 1060 2409; x_wconf 85' lang='lat' dir='ltr'><strong>humanis</strong></span> <span class='ocrx_word' id='word_1_151' title='bbox 1073 2348 1186 2429; x_wconf 89' lang='lat' dir='ltr'><strong>rebus(</strong></span> <span class='ocrx_word' id='word_1_152' title='bbox 1207 2350 1234 2429; x_wconf 91' lang='lat'><strong>).</strong></span> 
     </span>
    </p>

    <p class='ocr_par' dir='ltr' id='par_1_7' title="bbox 255 2450 1235 2749">
     <span class='ocr_line' id='line_1_20' title="bbox 290 2450 1235 2535; baseline 0.002 -22"><span class='ocrx_word' id='word_1_153' title='bbox 290 2473 309 2513; x_wconf 79' lang='lat' dir='ltr'><strong>a</strong></span> <span class='ocrx_word' id='word_1_154' title='bbox 332 2452 466 2531; x_wconf 81' lang='lat' dir='ltr'><strong>Deliquit,</strong></span> <span class='ocrx_word' id='word_1_155' title='bbox 484 2452 597 2533; x_wconf 90' lang='lat' dir='ltr'><strong>opinor,</strong></span> <span class='ocrx_word' id='word_1_156' title='bbox 616 2450 707 2513; x_wconf 86' lang='lat' dir='ltr'><strong>divina</strong></span> <span class='ocrx_word' id='word_1_157' title='bbox 720 2450 860 2528; x_wconf 87' lang='lat' dir='ltr'><strong>doctrina,</strong></span> <span class='ocrx_word' id='word_1_158' title='bbox 876 2470 911 2513; x_wconf 83' lang='lat' dir='ltr'><strong>ex</strong></span> <span class='ocrx_word' id='word_1_159' title='bbox 923 2451 1024 2514; x_wconf 75' lang='lat' dir='ltr'><strong>tudae</strong></span> <span class='ocrx_word' id='word_1_160' title='bbox 1040 2453 1135 2533; x_wconf 84' lang='lat' dir='ltr'><strong>potiris</strong></span> <span class='ocrx_word' id='word_1_161' title='bbox 1149 2456 1235 2535; x_wconf 79' lang='lat' dir='ltr'><strong>quam</strong></span> 
     </span>
     <span class='ocr_line' id='line_1_21' title="bbox 258 2555 1235 2637; baseline 0.004 -20"><span class='ocrx_word' id='word_1_162' title='bbox 258 2576 334 2619; x_wconf 80' lang='lat' dir='ltr'><strong>oen</strong></span> <span class='ocrx_word' id='word_1_163' title='bbox 355 2558 461 2621; x_wconf 80' lang='lat' dir='ltr'><strong>Graecia</strong></span> <span class='ocrx_word' id='word_1_164' title='bbox 485 2558 604 2619; x_wconf 87' lang='lat' dir='ltr'><strong>oriens:</strong></span> <span class='ocrx_word' id='word_1_165' title='bbox 630 2555 732 2619; x_wconf 86' lang='lat' dir='ltr'><strong>erravit</strong></span> <span class='ocrx_word' id='word_1_166' title='bbox 755 2562 784 2617; x_wconf 89' lang='lat' dir='ltr'><strong>et</strong></span> <span class='ocrx_word' id='word_1_167' title='bbox 809 2556 949 2633; x_wconf 81' lang='lat' dir='ltr'><strong>Christus,</strong></span> <span class='ocrx_word' id='word_1_168' title='bbox 975 2556 1129 2637; x_wconf 78' lang='lat' dir='ltr'><strong>piscatores</strong></span> <span class='ocrx_word' id='word_1_169' title='bbox 1151 2558 1235 2621; x_wconf 87' lang='lat' dir='ltr'><strong>eitids</strong></span> 
     </span>
     <span class='ocr_line' id='line_1_22' title="bbox 255 2659 1146 2749; baseline -0.001 -29"><span class='ocrx_word' id='word_1_170' title='bbox 255 2680 270 2720; x_wconf 88' lang='lat'>«</span> <span class='ocrx_word' id='word_1_171' title='bbox 293 2663 377 2741; x_wconf 79' lang='lat' dir='ltr'><strong>quam</strong></span> <span class='ocrx_word' id='word_1_172' title='bbox 392 2661 533 2741; x_wconf 82' lang='lat' dir='ltr'><strong>sophistas</strong></span> <span class='ocrx_word' id='word_1_173' title='bbox 548 2661 583 2722; x_wconf 92' lang='lat' dir='ltr'><strong>ad</strong></span> <span class='ocrx_word' id='word_1_174' title='bbox 597 2659 770 2740; x_wconf 86' lang='lat' dir='ltr'><strong>praeconium</strong></span> <span class='ocrx_word' id='word_1_175' title='bbox 785 2660 901 2720; x_wconf 85' lang='lat' dir='ltr'><strong>mittens</strong></span> <span class='ocrx_word' id='word_1_176' title='bbox 917 2660 978 2749; x_wconf 77' lang='lat'><strong>(3).</strong></span> <span class='ocrx_word' id='word_1_177' title='bbox 995 2680 1010 2719; x_wconf 79' lang='lat' dir='ltr'><strong>a</strong></span> <span class='ocrx_word' id='word_1_178' title='bbox 1144 2729 1146 2734; x_wconf 43' lang='grc'>,</span> 
     </span>
    </p>

    <p class='ocr_par' dir='ltr' id='par_1_8' title="bbox 253 2761 1237 3678">
     <span class='ocr_line' id='line_1_23' title="bbox 294 2761 1236 2843; baseline 0 -18"><span class='ocrx_word' id='word_1_179' title='bbox 294 2763 407 2843; x_wconf 88' lang='lat' dir='ltr'><strong>Optimo</strong></span> <span class='ocrx_word' id='word_1_180' title='bbox 426 2764 511 2841; x_wconf 80' lang='lat' dir='ltr'><strong>igitur</strong></span> <span class='ocrx_word' id='word_1_181' title='bbox 523 2764 602 2843; x_wconf 90' lang='lat' dir='ltr'><strong>jure,</strong></span> <span class='ocrx_word' id='word_1_182' title='bbox 619 2762 773 2825; x_wconf 79' lang='lat' dir='ltr'><strong>Christiani</strong></span> <span class='ocrx_word' id='word_1_183' title='bbox 796 2780 861 2822; x_wconf 89' lang='lat' dir='ltr'><strong>curn</strong></span> <span class='ocrx_word' id='word_1_184' title='bbox 883 2761 1059 2843; x_wconf 84' lang='lat' dir='ltr'><strong>philosophis</strong></span> <span class='ocrx_word' id='word_1_185' title='bbox 1076 2762 1236 2825; x_wconf 83' lang='lat' dir='ltr'><strong>inimicitias</strong></span> 
     </span>
     <span class='ocr_line' id='line_1_24' title="bbox 255 2864 1236 2947; baseline -0.001 -18"><span class='ocrx_word' id='word_1_186' title='bbox 255 2876 374 2945; x_wconf 81' lang='lat' dir='ltr'><strong>gerunt:</strong></span> <span class='ocrx_word' id='word_1_187' title='bbox 393 2886 445 2927; x_wconf 91' lang='lat' dir='ltr'><strong>neo</strong></span> <span class='ocrx_word' id='word_1_188' title='bbox 464 2866 617 2947; x_wconf 88' lang='lat' dir='ltr'><strong>quidquam</strong></span> <span class='ocrx_word' id='word_1_189' title='bbox 637 2866 702 2929; x_wconf 85' lang='lat' dir='ltr'><strong>fidei</strong></span> <span class='ocrx_word' id='word_1_190' title='bbox 722 2872 947 2947; x_wconf 83' lang='lat' dir='ltr'><strong>propugnatores</strong></span> <span class='ocrx_word' id='word_1_191' title='bbox 968 2866 1111 2947; x_wconf 88' lang='lat' dir='ltr'><strong>antiquius</strong></span> <span class='ocrx_word' id='word_1_192' title='bbox 1128 2864 1236 2928; x_wconf 88' lang='lat' dir='ltr'><strong>hahere</strong></span> 
     </span>
     <span class='ocr_line' id='line_1_25' title="bbox 254 2969 1236 3050; baseline 0 -19"><span class='ocrx_word' id='word_1_193' title='bbox 254 2969 370 3047; x_wconf 90' lang='lat' dir='ltr'><strong>debent,</strong></span> <span class='ocrx_word' id='word_1_194' title='bbox 386 2970 472 3049; x_wconf 76' lang='lat' dir='ltr'><strong>qoam</strong></span> <span class='ocrx_word' id='word_1_195' title='bbox 487 2989 502 3030; x_wconf 76' lang='lat' dir='ltr'><strong>a</strong></span> <span class='ocrx_word' id='word_1_196' title='bbox 517 2988 621 3050; x_wconf 92' lang='lat' dir='ltr'><strong>purum</strong></span> <span class='ocrx_word' id='word_1_197' title='bbox 635 2978 665 3031; x_wconf 91' lang='lat' dir='ltr'><strong>et</strong></span> <span class='ocrx_word' id='word_1_198' title='bbox 679 2969 830 3031; x_wconf 87' lang='lat' dir='ltr'><strong>candidum</strong></span> <span class='ocrx_word' id='word_1_199' title='bbox 845 2975 941 3033; x_wconf 89' lang='lat' dir='ltr'><strong>aerem</strong></span> <span class='ocrx_word' id='word_1_200' title='bbox 954 2970 1090 3047; x_wconf 86' lang='lat' dir='ltr'><strong>veritatis,</strong></span> <span class='ocrx_word' id='word_1_201' title='bbox 1108 2969 1236 3050; x_wconf 87' lang='lat' dir='ltr'><strong>philoso-</strong></span> 
     </span>
     <span class='ocr_line' id='line_1_26' title="bbox 256 3069 1237 3156; baseline 0.004 -23"><span class='ocrx_word' id='word_1_202' title='bbox 256 3070 370 3153; x_wconf 80' lang='lat' dir='ltr'><strong>«pniae</strong></span> <span class='ocrx_word' id='word_1_203' title='bbox 390 3071 536 3133; x_wconf 89' lang='lat' dir='ltr'><strong>nidoribus</strong></span> <span class='ocrx_word' id='word_1_204' title='bbox 554 3069 736 3149; x_wconf 73' lang='lat' dir='ltr'><strong>infumatum,</strong></span> <span class='ocrx_word' id='word_1_205' title='bbox 759 3074 905 3137; x_wconf 86' lang='lat' dir='ltr'><strong>enubilare</strong></span> <span class='ocrx_word' id='word_1_206' title='bbox 929 3076 988 3156; x_wconf 81' lang='lat' dir='ltr'><strong>(tr).</strong></span> <span class='ocrx_word' id='word_1_207' title='bbox 1006 3095 1022 3136; x_wconf 81' lang='lat' dir='ltr'><strong>a</strong></span> <span class='ocrx_word' id='word_1_208' title='bbox 1041 3074 1133 3156; x_wconf 90' lang='lat' dir='ltr'><strong>Ipsam</strong></span> <span class='ocrx_word' id='word_1_209' title='bbox 1148 3073 1237 3137; x_wconf 86' lang='lat' dir='ltr'><strong>habes</strong></span> 
     </span>
     <span class='ocr_line' id='line_1_27' title="bbox 257 3177 1233 3260; baseline 0 -21"><span class='ocrx_word' id='word_1_210' title='bbox 257 3177 465 3259; x_wconf 89' lang='lat' dir='ltr'><strong>philosophiam</strong></span> <span class='ocrx_word' id='word_1_211' title='bbox 480 3178 494 3239; x_wconf 72' lang='lat' dir='ltr'><strong>a</strong></span> <span class='ocrx_word' id='word_1_212' title='bbox 511 3177 645 3257; x_wconf 85' lang='lat' dir='ltr'><strong>Septimio</strong></span> <span class='ocrx_word' id='word_1_213' title='bbox 660 3178 813 3258; x_wconf 75' lang='lat' dir='ltr'><strong>amparem,</strong></span> <span class='ocrx_word' id='word_1_214' title='bbox 830 3198 887 3242; x_wconf 94' lang='lat' dir='ltr'><strong>non</strong></span> <span class='ocrx_word' id='word_1_215' title='bbox 902 3180 1013 3242; x_wconf 87' lang='lat' dir='ltr'><strong>tantdm</strong></span> <span class='ocrx_word' id='word_1_216' title='bbox 1028 3178 1233 3260; x_wconf 80' lang='lat' dir='ltr'><strong>philosophos:</strong></span> 
     </span>
     <span class='ocr_line' id='line_1_28' title="bbox 253 3278 1236 3363; baseline -0.001 -19"><span class='ocrx_word' id='word_1_217' title='bbox 253 3282 301 3345; x_wconf 92' lang='lat' dir='ltr'><strong>illa</strong></span> <span class='ocrx_word' id='word_1_218' title='bbox 314 3301 328 3343; x_wconf 82' lang='lat' dir='ltr'><strong>o</strong></span> <span class='ocrx_word' id='word_1_219' title='bbox 346 3281 567 3359; x_wconf 79' lang='lat' dir='ltr'><strong>magisdicendo</strong></span> <span class='ocrx_word' id='word_1_220' title='bbox 579 3278 763 3363; x_wconf 82' lang='lat' dir='ltr'><strong>persuadens,</strong></span> <span class='ocrx_word' id='word_1_221' title='bbox 779 3284 865 3363; x_wconf 80' lang='lat' dir='ltr'><strong>quam</strong></span> <span class='ocrx_word' id='word_1_222' title='bbox 875 3283 1014 3359; x_wconf 92' lang='lat' dir='ltr'><strong>docendo,</strong></span> <span class='ocrx_word' id='word_1_223' title='bbox 1029 3282 1135 3344; x_wconf 87' lang='lat' dir='ltr'><strong>sormas</strong></span> <span class='ocrx_word' id='word_1_224' title='bbox 1150 3281 1236 3344; x_wconf 90' lang='lat' dir='ltr'><strong>rebus</strong></span> 
     </span>
     <span class='ocr_line' id='line_1_29' title="bbox 257 3384 1236 3468; baseline 0.004 -23"><span class='ocrx_word' id='word_1_225' title='bbox 257 3406 271 3445; x_wconf 76' lang='lat' dir='ltr'><strong>a</strong></span> <span class='ocrx_word' id='word_1_226' title='bbox 294 3384 425 3467; x_wconf 85' lang='lat' dir='ltr'><strong>imponit,</strong></span> <span class='ocrx_word' id='word_1_227' title='bbox 442 3404 489 3447; x_wconf 91' lang='lat' dir='ltr'><strong>eas</strong></span> <span class='ocrx_word' id='word_1_228' title='bbox 503 3403 579 3447; x_wconf 90' lang='lat' dir='ltr'><strong>nunc</strong></span> <span class='ocrx_word' id='word_1_229' title='bbox 590 3396 747 3466; x_wconf 85' lang='lat' dir='ltr'><strong>peraequat,</strong></span> <span class='ocrx_word' id='word_1_230' title='bbox 762 3404 839 3449; x_wconf 89' lang='lat' dir='ltr'><strong>nunc</strong></span> <span class='ocrx_word' id='word_1_231' title='bbox 859 3388 961 3468; x_wconf 89' lang='lat' dir='ltr'><strong>privat,</strong></span> <span class='ocrx_word' id='word_1_232' title='bbox 977 3388 1012 3450; x_wconf 91' lang='lat' dir='ltr'><strong>de</strong></span> <span class='ocrx_word' id='word_1_233' title='bbox 1028 3387 1114 3449; x_wconf 89' lang='lat' dir='ltr'><strong>certis</strong></span> <span class='ocrx_word' id='word_1_234' title='bbox 1128 3388 1236 3449; x_wconf 87' lang='lat' dir='ltr'><strong>incerta</strong></span> 
     </span>
     <span class='ocr_line' id='line_1_30' title="bbox 258 3480 1236 3573; baseline 0.003 -23"><span class='ocrx_word' id='word_1_235' title='bbox 258 3509 272 3550; x_wconf 79' lang='lat' dir='ltr'><strong>a</strong></span> <span class='ocrx_word' id='word_1_236' title='bbox 294 3480 496 3571; x_wconf 64' lang='lat' dir='ltr'><strong>praejudicat„</strong></span> <span class='ocrx_word' id='word_1_237' title='bbox 511 3491 590 3570; x_wconf 86' lang='lat' dir='ltr'><strong>leges</strong></span> <span class='ocrx_word' id='word_1_238' title='bbox 602 3498 712 3553; x_wconf 90' lang='lat' dir='ltr'><strong>naturae</strong></span> <span class='ocrx_word' id='word_1_239' title='bbox 726 3508 792 3553; x_wconf 91' lang='lat' dir='ltr'><strong>suas</strong></span> <span class='ocrx_word' id='word_1_240' title='bbox 805 3492 953 3573; x_wconf 89' lang='lat' dir='ltr'><strong>opiniones</strong></span> <span class='ocrx_word' id='word_1_241' title='bbox 966 3494 1032 3555; x_wconf 86' lang='lat' dir='ltr'><strong>lacit</strong></span> <span class='ocrx_word' id='word_1_242' title='bbox 1047 3494 1106 3572; x_wconf 82' lang='lat'>(5).</span> <span class='ocrx_word' id='word_1_243' title='bbox 1127 3512 1142 3553; x_wconf 83' lang='lat' dir='ltr'><strong>a</strong></span> <span class='ocrx_word' id='word_1_244' title='bbox 1162 3492 1236 3565; x_wconf 85' lang='lat' dir='ltr'><strong>Quid</strong></span> 
     </span>
     <span class='ocr_line' id='line_1_31' title="bbox 256 3592 1235 3678; baseline -0.001 -24"><span class='ocrx_word' id='word_1_245' title='bbox 256 3596 459 3657; x_wconf 84' lang='lat' dir='ltr'><strong>enim‘lnonne</strong></span> <span class='ocrx_word' id='word_1_246' title='bbox 473 3597 633 3678; x_wconf 93' lang='lat' dir='ltr'><strong>philosophi</strong></span> <span class='ocrx_word' id='word_1_247' title='bbox 652 3618 666 3658; x_wconf 76' lang='lat' dir='ltr'><strong>a</strong></span> <span class='ocrx_word' id='word_1_248' title='bbox 683 3594 827 3658; x_wconf 77' lang='lat' dir='ltr'><strong>dialectica</strong></span> <span class='ocrx_word' id='word_1_249' title='bbox 842 3603 972 3673; x_wconf 88' lang='lat' dir='ltr'><strong>utuntur,</strong></span> <span class='ocrx_word' id='word_1_250' title='bbox 985 3613 1069 3673; x_wconf 90' lang='lat' dir='ltr'><strong>quam</strong></span> <span class='ocrx_word' id='word_1_251' title='bbox 1084 3594 1171 3654; x_wconf 88' lang='lat' dir='ltr'><strong>miser</strong></span> <span class='ocrx_word' id='word_1_252' title='bbox 1179 3592 1235 3653; x_wconf 90' lang='lat' dir='ltr'><strong>illis</strong></span> 
     </span>
    </p>
   </div>
   <div class='ocr_carea' id='block_1_5' title="bbox 290 3796 511 4216">
    <p class='ocr_par' dir='ltr' id='par_1_9' title="bbox 290 3796 511 4129">
     <span class='ocr_line' id='line_1_32' title="bbox 290 3796 509 3860; baseline 0.005 -15"><span class='ocrx_word' id='word_1_253' title='bbox 290 3796 324 3860; x_wconf 80' lang='lat' dir='ltr'><strong>ll)</strong></span> <span class='ocrx_word' id='word_1_254' title='bbox 339 3796 424 3859; x_wconf 78' lang='lat' dir='ltr'><strong>Apol,</strong></span> <span class='ocrx_word' id='word_1_255' title='bbox 440 3798 451 3859; x_wconf 66' lang='grc' dir='ltr'><strong>ξ</strong></span> <span class='ocrx_word' id='word_1_256' title='bbox 466 3796 509 3847; x_wconf 78' lang='lat' dir='ltr'><strong>ld.</strong></span> 
     </span>
     <span class='ocr_line' id='line_1_33' title="bbox 290 3884 477 3949; baseline 0.011 -16"><span class='ocrx_word' id='word_1_257' title='bbox 290 3884 324 3949; x_wconf 70' lang='lat' dir='ltr'><strong>(t)</strong></span> <span class='ocrx_word' id='word_1_258' title='bbox 338 3887 390 3947; x_wconf 70' lang='lat' dir='ltr'><strong>ld„</strong></span> <span class='ocrx_word' id='word_1_259' title='bbox 407 3884 419 3945; x_wconf 64' lang='lat' dir='ltr'><strong>l</strong></span> <span class='ocrx_word' id='word_1_260' title='bbox 434 3886 477 3935; x_wconf 75' lang='lat' dir='ltr'><strong>dl.</strong></span> 
     </span>
     <span class='ocr_line' id='line_1_34' title="bbox 291 3975 511 4037; baseline 0.005 -14"><span class='ocrx_word' id='word_1_261' title='bbox 291 3975 322 4037; x_wconf 75' lang='grc'><strong>(5)</strong></span> <span class='ocrx_word' id='word_1_262' title='bbox 338 3975 441 4035; x_wconf 63' lang='lat' dir='ltr'><strong>Danu„</strong></span> <span class='ocrx_word' id='word_1_263' title='bbox 459 3976 470 4036; x_wconf 73' lang='lat'><strong>5</strong></span> <span class='ocrx_word' id='word_1_264' title='bbox 485 3976 511 4024; x_wconf 78' lang='grc'><strong>5.</strong></span> 
     </span>
     <span class='ocr_line' id='line_1_35' title="bbox 290 4063 445 4129; baseline 0 -16"><span class='ocrx_word' id='word_1_265' title='bbox 290 4063 324 4129; x_wconf 79' lang='lat' dir='ltr'><strong>(t)</strong></span> <span class='ocrx_word' id='word_1_266' title='bbox 340 4067 391 4123; x_wconf 69' lang='lat' dir='ltr'><strong>ld„</strong></span> <span class='ocrx_word' id='word_1_267' title='bbox 407 4067 445 4115; x_wconf 84' lang='lat' dir='ltr'><strong>o&#39;h.</strong></span> 
     </span>
    </p>

    <p class='ocr_par' dir='ltr' id='par_1_10' title="bbox 291 4152 454 4216">
     <span class='ocr_line' id='line_1_36' title="bbox 291 4152 454 4216; baseline 0 -13"><span class='ocrx_word' id='word_1_268' title='bbox 291 4152 325 4216; x_wconf 66' lang='grc' dir='ltr'><strong>(ὅ)</strong></span> <span class='ocrx_word' id='word_1_269' title='bbox 339 4154 415 4216; x_wconf 78' lang='lat' dir='ltr'><strong>1d.‚§</strong></span> <span class='ocrx_word' id='word_1_270' title='bbox 429 4152 454 4203; x_wconf 70' lang='lat'><strong>2.</strong></span> 
     </span>
    </p>
   </div>
   <div class='ocr_carea' id='block_1_6' title="bbox 0 0 1609 5067">
    <p class='ocr_par' dir='ltr' id='par_1_11' title="bbox 0 0 1609 5067">
     <span class='ocr_line' id='line_1_37' title="bbox 0 0 1609 5067; baseline 0 0"><span class='ocrx_word' id='word_1_271' title='bbox 0 0 1609 5067; x_wconf 95' lang='lat' dir='ltr'><strong> </strong></span> 
     </span>
    </p>
   </div>
  </div>
 </body>
</html>
