3200 5067
358 490 392 541 tn
638 488 677 539 nn
695 488 725 549 Q.
742 486 769 537 S.
786 487 816 537 F.
833 486 1054 539 rnnrnnmettn

358 600 427 663 tiani
442 600 495 663 viri
504 600 619 663 selectio
632 599 827 680 significaturi
840 599 899 663 Nee
911 599 987 662 ullus
1002 600 1170 681 Apostolum
1183 602 1339 683 pugnantia
1424 616 1430 623 ·

358 704 437 787 loqui
452 705 481 767 in
495 704 550 767 boe
567 703 714 774 existimet
737 704 814 785 qnbd
835 703 911 767 idem
927 721 1045 767 uxorem
1060 704 1174 767 lidelem
1187 704 1205 767 a
1217 704 1278 767 viro
1291 705 1340 769 in-

358 809 435 873 fideli
447 810 591 874 discedere
602 815 687 872 vetat.
703 808 732 871 Si
746 808 823 872 enim
837 806 1020 871 matrimonio
1033 807 1208 885 adstrictam,
1224 810 1341 888 postea-

359 931 415 994 que
434 914 524 992 gratia
544 913 750 991 illuminatam,
770 930 837 974 cum
852 911 913 974 niro
928 909 1037 975 infideli
1057 910 1240 992 perseverane
1260 910 1338 989 lieet,

358 1016 425 1077 crlrn
434 1019 468 1079 ea
479 1035 531 1099 spe
540 1022 647 1079 nteum
659 1015 696 1078 ad
707 1015 855 1077 vamtatem
865 1014 999 1097 paulatim
1015 1014 1131 1093 alliciat,
1146 1015 1209 1076 tdm
1222 1021 1340 1096 propter

359 1119 470 1183 divortii
486 1119 682 1182 inhibitionem
701 1121 718 1181 d
737 1119 859 1181 llomiuo
875 1120 1105 1201 pronunciatum,
1126 1137 1185 1181 non
1204 1119 1340 1183 rontinub

359 1222 471 1286 lidelem
493 1223 670 1303 liberamque
689 1222 840 1286 mulierem
860 1222 927 1286 licet
950 1224 980 1285 in
1000 1223 1213 1286 matrimonium
1228 1224 1340 1303 gentilis

359 1326 441 1408 qnasi
454 1327 484 1389 in
498 1328 651 1409 quamdam
665 1326 774 1391 lorcam
788 1329 890 1409 sponte
902 1346 997 1405 ruere,
1009 1328 1071 1409 jam
1086 1346 1144 1391 non
1154 1327 1245 1392 nimum
1259 1346 1341 1391 sanc-

357 1428 538 1511 tilioatnram,
557 1432 607 1494 sed
620 1432 710 1513 ipsam
729 1431 826 1513 potiris
843 1434 860 1494 d
875 1435 935 1495 viro
948 1432 1166 1514 inquinandam.
1188 1432 1339 1507 Quomodb

359 1536 436 1599 enim
456 1536 563 1599 inlideli
581 1536 753 1599 commercio
767 1536 839 1600 tides
860 1556 918 1600 non
932 1536 1141 1617 obliterabitur,
1156 1538 1341 1601 sacularibus

341 1641 507 1703 munditiis
533 1642 670 1704 modestia
688 1659 746 1703 non
769 1651 986 1724 corrumpetur,
1009 1642 1145 1706 sanctitas
1167 1643 1341 1705 matrimonii

360 1743 491 1825 turpibus
510 1743 622 1807 Ethnici
643 1743 785 1807 blanditiis
797 1763 858 1807 non
876 1743 1049 1809 violabitur?
1066 1745 1216 1820 Quomodb
1230 1745 1341 1827 pietatis

362 1846 453 1909 ollicia
476 1846 650 1929 adimplebit,
672 1846 780 1911 babens
804 1847 942 1911 inlabere
965 1849 1070 1911 diaboli
1093 1849 1229 1911 serrum‘l
1250 1868 1342 1929 aegros

246 2022 249 2029 ,
362 1948 464 2013 fratres
483 1951 513 2013 in
528 1950 658 2031 tuguriis,
677 1950 854 2013 confessores
867 1950 898 2012 in
909 1968 1025 2016 carcere
1037 1952 1180 2015 visitabit‘.l
1196 1954 1342 2015 nocturnis

361 2054 537 2118 solemnibus
551 2053 663 2118 aderiti
678 2052 744 2116 Haec
758 2055 854 2116 omnia
867 2054 957 2119 inscio
970 2056 1030 2118 viro
1045 2055 1173 2119 exerceri
1185 2064 1341 2137 nequeunt,

363 2159 489 2236 conscio,
512 2177 571 2223 non
590 2158 651 2220 sine
668 2158 787 2221 erimine
804 2158 899 2221 violati
919 2160 1119 2243 mysteriorum
1133 2161 1246 2237 secreti,
1260 2179 1343 2227 exer·

363 2271 474 2327 centor.
488 2262 566 2325 inter
579 2262 714 2340 mabiria,
730 2268 841 2340 cantus,
855 2264 992 2327 solemnia
1007 2266 1146 2344 gentium,
1160 2265 1235 2327 inter
1247 2266 1343 2331 omnia

363 2372 508 2443 extranea,
530 2365 656 2444 inimica,
677 2367 821 2445 damnata,
843 2369 907 2450 quis
927 2370 1007 2432 locos
1027 2369 1150 2448 Christo,
1171 2369 1341 2452 scripturis,

322 2542 325 2549 ,
365 2470 443 2549 lldei,
457 2470 647 2553 relinquitur?
661 2471 728 2536 Haec
743 2473 850 2550 omnia,
865 2472 919 2536 etsi
936 2471 1102 2536 mulieribus
1115 2474 1144 2535 in
1166 2472 1263 2553 gentili
1274 2492 1345 2538 eou-

363 2574 443 2656 jugio
458 2576 475 2637 a
490 2575 549 2639 ileo
563 2575 711 2657 deprensis
726 2576 888 2655 imminent,
908 2579 999 2657 gratia
1011 2587 1107 2641 tamen
1120 2578 1234 2642 Domini
1247 2597 1345 2661 perpe·

364 2694 464 2741 verare
473 2678 600 2758 jubentis
614 2678 824 2760 propelluntur,
839 2680 970 2763 bonaque
983 2700 1049 2763 spes
1061 2689 1192 2763 superest
1203 2682 1299 2745 mariti
1309 2684 1346 2746 ad

365 2782 483 2846 meliora
503 2784 664 2864 revocandi,
682 2784 732 2847 nbi
745 2802 863 2847 uxorem
878 2784 1026 2848 immutata
1040 2785 1178 2865 religione
1197 2785 1345 2849 meliorem

366 2887 426 2967 ipse
450 2887 535 2951 luerit
555 2896 699 2971 expertus.
721 2889 773 2951 ch
795 2892 863 2952 verb
884 2889 924 2952 nil
944 2889 1001 2953 tale
1020 2890 1159 2972 reperias,
1183 2890 1250 2953 crim
1270 2891 1346 2972 apud

364 2990 500 3055 Ethnicos
512 2994 594 3073 nulli,
610 2994 666 3057 nisi
680 2994 808 3076 pessimi,
823 2993 1012 3057 Chmtianam
1025 2994 1142 3073 ducant,
1156 2995 1277 3077 idebqne
1290 2996 1345 3058 du·

367 3102 431 3158 cant
445 3102 477 3158 nt
490 3097 690 3176 exterminent,
704 3106 737 3160 ot
756 3098 908 3180 abripiant,
923 3105 956 3162 ut
970 3102 987 3162 d
1001 3101 1057 3164 lide
1070 3102 1231 3166 excludant.
1244 3100 1346 3165 Sauras

365 3215 431 3259 suas
444 3198 552 3261 domini
565 3208 659 3262 vetant
670 3199 740 3262 loris
752 3202 879 3266 nubere:
898 3203 974 3268 nem
986 3205 1124 3268 furnillam
1141 3223 1225 3268 suam
1238 3205 1346 3269 abenas

367 3301 396 3362 in
412 3302 513 3365 domos
525 3303 647 3365 transire
659 3322 718 3366 non
738 3307 865 3370 vetabit?
883 3308 987 3372 Conler
1005 3328 1071 3373 enm
1092 3310 1167 3373 tristi
1189 3310 1346 3375 infidelium

367 3403 532 3484 nuptiarum
546 3406 621 3468 exitu
636 3426 652 3468 r
667 3407 830 3473 felicitatem
841 3412 927 3494 hujus
941 3414 1114 3477 matrimonii
1131 3415 1210 3497 quod
1221 3414 1345 3479 Ecclesia

371 3528 387 3561 a
408 3506 549 3586 conciliat,
573 3516 602 3572 et
618 3511 768 3576 confirmat
781 3515 898 3595 oblatio,
919 3525 948 3580 et
961 3517 1092 3597 obsignat
1105 3519 1276 3599 benedictio,
1293 3538 1347 3583 an-

369 3630 386 3673 r
407 3611 466 3691 geli
483 3614 663 3695 renuneiant,
685 3615 768 3681 Pater
787 3623 853 3684 ratb
870 3621 968 3686 habet.
982 3623 1054 3687 Nam
1078 3642 1137 3687 uec
1148 3626 1179 3687 in
1195 3625 1283 3689 terris
1295 3625 1347 3689 lilii

370 3734 387 3777 r
408 3716 470 3780 sine
493 3736 633 3783 consensu
648 3727 761 3803 patrum
782 3726 861 3789 reete
873 3732 903 3789 et
917 3728 986 3807 jure
1003 3728 1125 3791 nubunt.
1146 3728 1236 3803 Quale
1245 3730 1349 3810 jugum

371 3818 535 3883 «fidelium
549 3822 672 3887 duorum
693 3826 778 3890 unius
798 3830 870 3911 spei,
894 3832 978 3895 unius
991 3833 1059 3913 voti,
1075 3833 1161 3896 unius
1179 3834 1347 3915 disciplina,

371 3941 387 3983 c
409 3922 537 4004 ejusdem
556 3929 713 3993 servitutis!
734 3932 828 3998 Ambo
850 3936 970 4016 naum,
994 3936 1079 4001 ambo
1100 3937 1246 4016 conservi,
1269 3938 1349 4001 nrrlla

372 4045 388 4087 c
410 4028 525 4109 spiritus
545 4034 671 4098 carnisve
689 4036 834 4102 discretio.
857 4039 948 4104 Simul
962 4048 1059 4125 orant„
1072 4043 1158 4106 simul
1173 4041 1346 4120 volutantur,

372 4147 387 4189 c
409 4138 437 4193 et
456 4132 541 4231 simul
560 4136 670 4218 jejunia
693 4140 863 4221 transigunt,
886 4145 1022 4210 alterutrb
1047 4146 1193 4227 docentes,
1210 4146 1349 4210 alterutro

771 4260 804 4309 ο
