3200 5067
324 393 369 433 vm
576 340 579 345 Ι
715 378 904 431 PROOElllllll.

325 452 343 555 a
363 494 475 557 tinum
498 492 659 557 Platonicus
674 493 776 556 luerat.
794 492 864 555 lude
884 491 1033 555 Marcionis
1048 490 1136 570 Deus,
1154 492 1256 556 mehor
1268 492 1305 556 de

270 638 276 649 “
325 643 340 683 a
363 621 585 704 tranquillitate:
603 623 619 684 h
633 620 733 685 Stoicis
748 626 876 685 venerat.
893 620 930 684 Et
941 628 975 683 ut
987 620 1082 684 anima
1095 621 1214 685 interire
1227 622 1306 686 dica-

324 774 339 812 «
361 760 419 831 tur,
434 750 470 813 ah
483 750 629 832 Epicureis
639 750 815 813 observatur.
826 748 863 811 llt
873 755 906 811 ut
917 748 1011 811 carnis
1020 749 1161 812 restitutio
1170 756 1303 831 negetur,

325 898 340 940 o
362 880 405 943 de
414 881 470 942 und
482 880 609 943 omniurn
620 878 855 960 philosophomm
864 878 963 941 schola
977 878 1111 941 sumitur.
1127 878 1163 941 Et
1175 879 1225 943 uhi
1239 898 1304 942 ma-

324 1028 338 1068 a
360 1008 431 1071 teria
451 1026 517 1071 cum
538 1008 596 1070 lieo
609 1014 750 1089 mquatur,
765 1007 887 1070 Zenonis
900 1007 1048 1089 disciplina
1066 1014 1128 1070 est:
1145 1016 1175 1071 et
1188 1008 1237 1072 uhi
1251 1009 1306 1072 ali-

323 1158 338 1197 c
362 1136 430 1217 quid
452 1137 488 1199 de
506 1136 589 1215 igneo
603 1134 662 1198 lieo
681 1134 831 1216 allegatur,
851 1135 1009 1199 Heraclitus
1027 1136 1178 1199 interuenit
1199 1137 1260 1217 (l).
1287 1156 1303 1199 s
1341 1118 1344 1123 ⁵

322 1264 371 1327 lsti
394 1281 507 1341 omnes,
532 1261 734 1326 Academicum
756 1268 807 1325 aut
825 1261 1044 1344 Peripateticum
1059 1262 1306 1326 Christianismum

320 1392 497 1470 inducentes,
519 1391 724 1473 pristinamque
745 1391 781 1453 de
794 1391 928 1453 omnibus
941 1390 1102 1472 disputandi
1115 1390 1261 1453 libidinem
1275 1391 1305 1452 in

322 1537 423 1583 novam
446 1520 533 1582 hdcm
555 1518 768 1597 transferentes,
792 1517 1004 1599 Christumque,
1026 1518 1127 1581 eodem
1152 1537 1209 1600 quo
1223 1519 1306 1580 antea

324 1648 502 1727 magistrum,
518 1647 665 1709 audientes
678 1644 786 1725 adimo,
801 1665 882 1710 sacra
893 1646 979 1710 verba
993 1645 1066 1709 ahos
1079 1646 1109 1708 in
1122 1646 1207 1709 aliam
1218 1645 1306 1708 liher-

321 1775 394 1837 rime
411 1774 601 1837 distranemnt
621 1774 802 1837 sententiam.
824 1775 906 1852 lude,
922 1774 999 1856 quod
1013 1773 1115 1856 cuique
1130 1774 1166 1837 de
1184 1773 1255 1851 lieo,
1270 1773 1307 1836 de

323 1904 450 1983 homine,
472 1904 508 1967 de
520 1922 619 1969 rerum
633 1905 734 1967 natura
748 1904 906 1986 placuerat,
920 1904 977 1968 hoc
988 1886 1148 1967 divinorum
1166 1902 1307 1965 libromm

322 2033 486 2097 testimonio
512 2033 682 2095 confirmare
706 2032 872 2095 nitebatur:
899 2050 953 2095 nec
977 2032 1068 2095 ullum
1092 2034 1152 2094 tam
1175 2032 1307 2095 insanum

323 2165 439 2243 tamque
453 2160 618 2242 pestiferum
632 2160 759 2223 invenias
773 2179 914 2239 errorem,
930 2162 977 2223 cui
989 2177 1059 2223 suus
1072 2161 1147 2224 inter
1160 2160 1308 2227 haereticos

323 2289 445 2353 deluerit
466 2296 614 2371 patronus,
639 2306 691 2350 sua
715 2287 750 2351 de
766 2288 918 2372 Scripturis
932 2290 961 2351 in
974 2308 1093 2371 pravum
1107 2288 1227 2352 detortis
1237 2306 1308 2350 auc-

198 2492 202 2500 ·
324 2417 434 2480 toritas.
461 2417 523 2494 lca,
542 2416 683 2479 sexdecim
706 2417 810 2480 abhinc
827 2417 961 2496 maelis,
983 2420 1062 2483 illam
1082 2422 1175 2484 divina
1199 2423 1308 2485 temere

322 2546 530 2627 interpretandi
549 2544 692 2607 licentiam
714 2544 815 2609 eadem
835 2564 899 2626 quae
911 2548 1118 2611 recentioribus
1133 2550 1308 2631 temporibus

325 2674 504 2738 incommoda
519 2672 721 2755 sequebantur,
738 2674 771 2734 eb
786 2682 854 2734 tunc
868 2672 1007 2752 graviora,
1024 2674 1100 2755 quod
1113 2675 1204 2736 multa
1216 2675 1309 2739 adhdc

324 2803 491 2884 simpliciter
504 2801 622 2881 credita,
645 2800 830 2883 nondquue
852 2800 921 2864 satis
935 2818 986 2883 per
1003 2800 1193 2866 Concdiorum
1206 2803 1309 2867 defini-

324 2934 415 2996 tiones
429 2932 579 3009 elucidata,
595 2930 687 3013 pravis
699 2930 852 2995 verborum
866 2929 985 3010 argutiis
994 2930 1116 2994 obnoxia
1121 2931 1266 3012 jacebant.
1321 2921 1323 2926 ’

365 3060 457 3139 Nunc,
477 3062 501 3125 si
519 3078 630 3143 quaeras
645 3077 696 3139 per
710 3076 833 3140 quorum
847 3059 974 3139 linguam
987 3067 1038 3122 aut
1051 3059 1168 3141 stylum,
1183 3060 1252 3123 ddm
1267 3066 1309 3121 tot

325 3188 412 3249 nullia
426 3188 492 3249 srdei
505 3188 652 3250 ueritatem
672 3186 819 3265 sanguinis
832 3173 994 3250 testimonio
1009 3187 1228 3267 confirmant,
1245 3187 1310 3249 uni-

326 3314 414 3377 versis
432 3314 606 3395 singulisque
622 3314 751 3377 hostibus
773 3315 898 3377 Ecclesia
919 3318 1088 3395 occurrerit,
1111 3321 1213 3396 unum,
1233 3316 1310 3399 apud

327 3442 441 3505 Latinos
461 3441 588 3523 quidem,
603 3441 632 3506 S.
654 3440 860 3529 Tertullianum
868 3442 1011 3507 'invenies
1032 3444 1121 3507 dama
1135 3424 1323 3507 ditrutam?

327 3590 393 3634 rum
408 3571 505 3634 coram
518 3569 637 3633 indensis
652 3569 864 3649 nragistratihus
878 3571 986 3634 oranda
1001 3569 1063 3635 est?
1074 3553 1227 3654 Septimius
1241 3569 1309 3634 seli-

328 3701 414 3779 gitur.
441 3700 566 3763 llthnicis
591 3698 775 3779 religionibus
803 3700 877 3763 bella
907 3701 981 3764 ultrb
1008 3701 1178 3766 inserenda?
1207 3700 1309 3763 Nullus

365 3929 400 3997 (t)
413 3929 482 3980 lert.
497 3928 529 3981 do
543 3929 685 3995 Praescript.
700 3930 799 3995 haeret,
816 3931 868 3995 tl.
