3200 5067
410 529 441 577 ll
687 525 726 576 DE
745 526 775 588 Q.
794 526 822 576 S.
840 526 867 575 F.
886 522 1108 576 rssnrutttano

408 641 521 704 saeculis
535 640 677 723 praelium,
699 658 752 702 nec
769 639 857 702 ullam
872 636 1036 701 validiorem
1051 634 1213 699 machinam
1227 636 1390 715 frangendis

406 742 541 807 Ecclesiae
561 740 667 805 viribus
681 740 835 803 Christiani
848 740 974 803 nominis
987 740 1086 803 hostes
1100 740 1194 822 parari
1209 760 1294 822 posse
1311 740 1390 803 ride-

407 853 486 925 ruut,
502 846 590 928 quarn
604 845 628 907 si
647 845 828 909 invocaretur
844 845 875 906 in
896 844 974 907 illam
995 842 1115 907 (laseris
1128 843 1294 923 auctoritas,
1310 862 1391 927 pros·

405 949 641 1031 criberenturque
660 950 795 1030 tanquam
810 948 910 1029 patriae
920 947 1017 1016 bnstes
1029 965 1103 1028 quos
1115 947 1270 1030 impiorum
1285 966 1390 1011 nornen

406 1070 465 1113 non
479 1050 652 1131 perdiderat.

446 1154 561 1217 Poterat
582 1154 689 1234 ignosci
705 1172 787 1220 norae
806 1156 951 1236 religionis
972 1156 1001 1218 in
1024 1156 1155 1237 antiquas
1176 1155 1391 1239 superstitiones

406 1259 612 1323 contumaciae:
629 1260 756 1341 quamvis
769 1260 847 1322 enim
863 1278 945 1322 sacra
957 1279 975 1322 a
987 1258 1144 1342 majoribus
1157 1258 1285 1321 instituta
1297 1259 1391 1342 specie

407 1364 491 1427 tends
504 1382 594 1447 usque
608 1365 644 1427 ad
656 1364 823 1428 Diocletiani
844 1371 974 1445 tempora
991 1371 1101 1427 servata
1122 1364 1190 1443 sint,
1202 1366 1263 1446 jam
1281 1363 1390 1435 dudum

407 1475 503 1532 tamen
517 1487 617 1532 omnes
631 1468 773 1550 ejusmodi
787 1467 940 1547 religiones
953 1467 1107 1531 doctissimi
1120 1452 1227 1549 quique
1240 1468 1317 1530 intds
1327 1486 1391 1530 res·

408 1580 548 1656 puerant:
572 1592 626 1637 nec
647 1573 736 1635 ullum
760 1574 889 1655 reperire
909 1580 973 1635 erat
991 1572 1202 1635 adolescentem
1226 1571 1390 1638 liberaliora

408 1678 518 1741 artibus
531 1678 686 1755 excultum,
696 1677 764 1758 quin
773 1677 870 1739 omnia
886 1678 922 1739 ed
936 1678 1005 1741 deos
1015 1675 1197 1759 pertinenia,
1209 1676 1316 1757 optime
1328 1695 1392 1739 rue·

408 1782 500 1845 moria
513 1789 632 1860 tenens,
653 1780 750 1845 animo
764 1781 849 1863 plane
867 1787 1074 1844 contemneret.
1089 1780 1177 1843 Multa
1190 1781 1306 1863 quidem
1320 1800 1391 1845 cou-

408 1904 507 1967 gerere
524 1905 676 1969 possumus
696 1888 781 1970 hujus
797 1886 1003 1950 incredulitatis
1020 1894 1206 1949 monomenta
1217 1886 1318 1951 :unus
1329 1893 1392 1949 tan·

408 1991 482 2069 tum,
495 1990 641 2054 brevitatis
653 1994 752 2068 caust,
767 1992 903 2053 afferatur
920 1991 956 2053 de
974 1989 1143 2053 Tusculanis
1154 1990 1391 2073 disputationibus

408 2095 497 2168 loeus,
512 2096 541 2156 in
551 2113 609 2177 quo
619 2093 729 2156 'l'ullius
740 2093 776 2156 de
790 2101 885 2157 morte
898 2094 1105 2156 contemnendi
1118 2094 1273 2173 disserens,
1286 2094 1391 2157 sican-

408 2200 529 2262 ditorem
543 2199 725 2280 adloquitur:
740 2197 829 2276 «nic,
845 2196 1039 2280 quaeso,'num
1050 2207 1079 2261 te
1092 2199 1140 2261 illa
1154 2206 1274 2277 terrem,
1284 2198 1390 2280 triceps

411 2322 428 2363 r
450 2302 525 2384 apud
537 2302 645 2365 inferos
661 2300 815 2382 Cerberus,
831 2300 926 2385 Cocyti
946 2302 1089 2381 fremitus,
1112 2302 1281 2365 transvectio
1294 2302 1389 2364 Ache-

410 2426 427 2468 «
448 2406 551 2486 rontis,
566 2424 636 2470 nunt
651 2407 726 2469 illud

500 2641 507 2645 -
852 2579 866 2609 ι
883 2561 951 2627 qnod
966 2560 1083 2628 Sisyphn’
1096 2568 1183 2614 versat

507 2666 520 2695 e
538 2647 641 2711 Suum,
658 2646 754 2701 sudans
767 2650 884 2714 nitendo,
897 2664 981 2717 neque
990 2652 1092 2715 prolicit
1105 2653 1202 2726 bitum:

409 2830 425 2872 u
447 2810 566 2875 fortasse
589 2812 674 2874 eliam
695 2803 886 2878 inexorabiles
901 2814 1025 2895 judicus,
1041 2815 1157 2877 elci»
1180 2814 1232 2878 Cui
1252 2813 1387 2877 auditor:

409 2935 425 2978 e
445 2915 562 2979 Adeone
571 2934 618 2979 ure
625 2916 747 2981 delirare
756 2924 897 2981 censesut
905 2917 958 2980 ista
969 2936 1032 2981 esse
1040 2916 1388 2992 credam‘iQuisestenim

409 3039 425 3082 u
446 3022 504 3083 um
519 3038 629 3097 excors,
648 3039 734 3105 quem
748 3021 804 3084 ista
817 3028 948 3083 moveant
963 3020 1035 3102 (lli
1051 3040 1066 3083 r
1082 3021 1172 3102 llrgd,
1186 3023 1253 3084 οὺηι
1271 3027 1389 3103 propter

406 3124 523 3189 violatas
536 3126 688 3205 religiones
708 3124 803 3188 Caesar
815 3126 846 3189 in
859 3125 1034 3189 Christianos
1043 3126 1165 3204 saeviret,
1180 3143 1261 3189 veras
1272 3126 1388 3208 quidem

406 3229 463 3291 iras
477 3231 543 3293 licto
556 3236 652 3293 umen
668 3232 785 3294 nornine
799 3232 930 3310 tegebat3
946 3251 1000 3295 nec
1013 3251 1127 3295 causam
1139 3232 1260 3320 deorum
1270 3231 1388 3295 immor·

406 3332 518 3411 talium,
533 3334 583 3395 sed
597 3351 690 3411 suam,
713 3333 849 3397 tuendam
873 3344 1049 3419 susceperat.
1074 3337 1168 3399 Unum
1191 3337 1268 3399 eninr
1289 3336 1326 3399 de
1346 3344 1389 3400 tot

405 3436 497 3499 ruinis
511 3436 623 3501 Numen
643 3450 804 3522 supererat,
826 3443 939 3526 imperii
961 3445 1104 3527 llajastas,
1120 3444 1157 3507 de
1177 3448 1233 3527 qud
1246 3444 1290 3507 rel
1305 3444 1388 3506 mini·

357 3562 359 3567 ·
405 3558 483 3605 mam
496 3548 607 3624 partem
622 3544 771 3610 detrahere
784 3548 904 3631 capitale
918 3558 990 3613 erat.
1006 3550 1065 3613 Nec
1082 3568 1172 3613 norus
1184 3550 1237 3612 luit
1249 3550 1388 3633 supersti-

406 3646 494 3711 tiosus
507 3648 556 3713 ille
567 3649 687 3732 publicae
701 3650 854 3734 Maiestatis
867 3653 980 3738 cultrice
996 3654 1112 3738 quippe,
1125 3655 1235 3735 rigente
1243 3655 1385 3735 libertate,

407 3768 480 3814 unus
492 3752 578 3839 Deus,
594 3756 696 3837 patria,
712 3776 769 3819 una
780 3757 838 3837 lex,
853 3758 930 3824 salus
943 3758 1055 3840 petriae,
1065 3760 1172 3824 civibus
1183 3762 1286 3826 iuerat.
1297 3762 1385 3842 Ergd,

406 3856 539 3921 omnibus
561 3861 772 3939 magistratibus
795 3864 931 3926 inunum
953 3866 1104 3945 congestis,
1120 3868 1183 3947 jam
1205 3886 1260 3951 pro
1280 3867 1386 3931 Senatu

404 3961 567 4045 populoque
586 3962 715 4031 Romano
737 3969 871 4053 princeps
883 3970 1098 4052 observabatur,
1112 3973 1171 4055 jam
1187 3990 1239 4055 pro
1253 3971 1387 4039 &natus-

438 4188 473 4255 (t)
487 4190 537 4244 Cic.
554 4192 640 4257 Tusa,
656 4201 745 4259 quaest.
762 4196 782 4249 1.

1581 1457 1585 1696 l
