3200 5067
473 475 655 527 OPUSCULUM
673 476 930 529 nultosountuull.
1165 476 1197 529 la

220 608 234 648 r
257 566 408 667 imperium
423 604 568 663 securum,
584 587 701 651 domum
716 596 819 665 tutam,
844 588 984 652 exercitus
997 590 1098 667 fortes,
1113 606 1197 653 seua·

220 709 235 750 e
257 696 319 752 tum
341 690 465 767 fidelem,
491 691 628 772 populum
647 690 780 773 probum,
802 691 901 753 orbem
922 690 1062 773 quietum,
1078 699 1106 755 et
1119 710 1197 775 quaa-

219 813 233 854 o
257 810 378 874 cumque
391 794 514 856 hominis
528 800 556 857 et
570 794 687 858 Caesaris
707 804 770 857 vota
783 803 863 858 sunt.
877 795 924 859 Sic
937 795 975 857 ital
989 812 1042 857 nos
1055 793 1089 856 ad
1106 794 1195 857 Deum
1309 860 1314 865 .
1451 801 1454 808 ’

220 918 235 959 o
257 916 395 979 expansos
407 898 645 977 ungulaelodiant‚
657 916 755 961 cruces
766 898 952 980 suspendant,
966 897 1196 977 igneslamhant,

219 1020 234 1062 a
253 1001 351 1063 hestiae
364 1000 499 1079 insiliant,
515 1011 630 1082 paratus
644 1008 687 1064 est
700 1002 735 1063 ad
751 1020 837 1064 omne
853 1002 1024 1085 supplicium
1038 1002 1101 1084 ipse
1114 1002 1198 1065 hahi-

219 1126 235 1167 o
256 1113 304 1169 tus
317 1106 424 1169 orantis
439 1104 599 1168 Christiani.
615 1104 676 1175 Hoc
690 1106 775 1184 agite,
790 1105 857 1168 honi
871 1106 1019 1188 praesides,
1033 1114 1198 1189 extorquete

219 1230 235 1271 a
256 1211 379 1273 animam
394 1210 452 1273 Deo
467 1210 672 1291 supplicantem
686 1228 740 1291 pro
753 1210 926 1291 imperatore
930 1255 993 1271 .....

258 1336 273 1377 a
295 1316 355 1379 Non
372 1315 463 1378 Deum
479 1316 681 1396 imperatorem
699 1313 804 1389 dicam,
818 1314 862 1377 rel
875 1314 942 1395 quia
959 1314 1074 1376 mentiri
1089 1314 1195 1393 nescio,

218 1440 234 1481 ‹
254 1421 298 1483 uel
310 1421 375 1503 quia
390 1420 469 1481 illum
483 1418 614 1481 deridere
627 1437 690 1503 non.
699 1417 804 1481 audeo.
820 1417 918 1479 llicam
932 1418 1017 1498 plant
1029 1417 1196 1494 Dominum,

219 1544 233 1585 a
256 1524 305 1586 sed
316 1524 428 1605 quando
438 1542 495 1585 non
508 1542 593 1602 cogar
603 1529 635 1584 ut
643 1522 794 1585 Dominum
805 1520 857 1583 Dei
871 1521 931 1583 vioe
942 1521 1045 1583 dicam.
1057 1519 1197 1598 Caeterum
1267 1606 1271 1611 .

212 1629 233 1688 'u
256 1628 327 1690 liber
349 1648 412 1689 sum
434 1627 493 1702 illi3
518 1626 657 1689 Dominus
673 1626 749 1687 enim
769 1644 851 1688 meus
871 1633 914 1688 est
928 1625 1004 1688 Deus
1017 1624 1198 1707 omnipotens

220 1749 234 1789 a
252 1738 286 1791 et
298 1737 423 1793 aeternus
434 1750 447 1817 ε7
459 1731 535 1793 idem
552 1731 600 1811 qui
615 1735 644 1792 et
654 1729 753 1811 ipsius.

260 1850 275 1891 a
297 1830 451 1912 Propterea
464 1832 549 1911 igitur
561 1832 666 1914 publici
678 1831 776 1893 hostes
789 1830 950 1910 Christiani,
966 1833 1031 1913 quia
1044 1833 1196 1913 imperato·

218 1955 233 1997 a
255 1934 333 1998 ribus
349 1954 444 2017 neque
456 1954 554 2013 vanua,
569 1954 663 2016 neque
679 1934 846 2022 temerarios
859 1936 983 1997 honores
996 1935 1102 1998 dicant.

258 2058 273 2099 o
296 2038 386 2101 Velim
406 2046 500 2102 tamen
522 2041 551 2100 in
573 2040 627 2100 hac
639 2056 754 2120 quoque
768 2037 906 2117 religione
919 2038 1050 2101 mcundae
1064 2039 1199 2120 majesta·

218 2161 232 2201 a
256 2142 356 2204 tis...
371 2143 456 2205 fidem
469 2152 497 2205 et
510 2142 658 2204 veritatem
673 2149 796 2203 vestram
811 2141 1020 2217 demonstrare,
1031 2158 1069 2203 ne
1082 2140 1155 2204 sorte
1169 2150 1199 2205 et
1295 2141 1298 2146 '

216 2246 315 2309 «istic
324 2246 479 2308 deteriores
489 2244 655 2309 Christianis
665 2244 916 2327 deprehendamini
921 2289 981 2306 .....
995 2242 1023 2307 Si
1035 2244 1198 2326 pectoribus

216 2366 231 2407 a
252 2348 288 2411 ad
308 2347 542 2411 translucendum·
562 2348 714 2429 quamdam
738 2348 915 2428 specularem
931 2346 1080 2411 materiam
1094 2354 1197 2415 natura

216 2470 231 2511 e
253 2450 426 2528 obduxisset,
442 2452 524 2531 qu'us
538 2468 595 2513 non
620 2449 775 2532 praecordia
793 2450 932 2531 insculpta
946 2460 1120 2532 apparerent
1132 2454 1198 2516 noui

216 2574 230 2613 u
252 2572 285 2616 ao
305 2555 369 2617 novi
392 2554 509 2617 Caesaris
525 2568 639 2618 scenam
660 2554 806 2634 congiario
825 2554 977 2617 diuidundo
997 2556 1197 2637 praesidentis?

215 2677 231 2719 a
253 2658 337 2720 etiam
351 2659 398 2720 ille
416 2660 485 2721 hort
500 2663 554 2740 qua
567 2658 749 2722 adclamant:
766 2662 797 2721 de
811 2661 913 2720 matris
925 2661 1009 2721 urrais
1023 2661 1072 2722 tihi
1086 2662 1197 2743 Jupiter

214 2780 230 2821 o
252 2769 348 2841 oupeot
358 2781 445 2823 aneos
449 2809 510 2824 .....
527 2763 583 2827 Sed
596 2764 696 2841 uulgus
709 2762 815 2844 laquie,
827 2769 859 2825 ut
872 2764 1023 2841 vulgus...
1037 2763 1125 2827 Plane
1139 2784 1196 2829 cae·

214 2884 234 2930 a
251 2864 306 2927 teri
319 2866 432 2927 ordines
447 2886 498 2948 pro
512 2867 679 2929 auctoritate
693 2867 816 2945 religiosi
831 2886 866 2929 ex
879 2868 952 2929 fide!
970 2868 1039 2929 nihil
1054 2869 1197 2932 hosticum

214 2988 230 3030 o
252 2970 288 3031 de
302 2969 364 3051 ipso
378 2977 497 3047 senatu,
513 2970 549 3031 de
563 2969 670 3050 equite,
687 2968 723 3031 de
739 2969 850 3045 castris,
869 2968 906 3030 de
924 2969 1035 3050 palatiis
1048 2970 1118 3051 ipsis
1136 2974 1198 3053 spi·
1249 3019 1251 3022 -

214 3091 230 3132 <r
252 3073 313 3134 rat!
341 3071 420 3135 Unde
436 3071 534 3150 Cassii,
550 3078 579 3134 et
592 3060 698 3149 Albini,
715 3080 744 3135 et
756 3071 857 3151 Nigri?
877 3072 953 3135 unde
966 3062 1016 3155 uui
1034 3074 1109 3137 inter
1126 3076 1197 3140 duas

214 3197 230 3238 o
252 3177 349 3239 lauros
372 3176 501 3239 obsident
523 3175 683 3239 Caesarem?
705 3176 781 3239 unde
806 3175 855 3257 qui
875 3176 1003 3239 lancibus
1023 3180 1086 3259 ejus
1100 3184 1196 3263 expri-

213 3300 229 3341 a
248 3280 363 3343 mendis
385 3280 572 3363 palestricam
597 3278 753 3343 exercent?
776 3280 852 3343 unde
873 3280 923 3362 qui
936 3282 1038 3344 armati
1059 3283 1194 3365 palatium

214 3404 229 3445 a
250 3384 435 3467 irrumpunt?
457 3383 655 3461 cenomanis,
678 3382 733 3446 nisi
747 3382 841 3462 fallor,
862 3382 948 3447 idest
965 3385 1000 3447 de
1020 3406 1079 3449 non
1099 3386 1197 3453 Chris·

214 3506 229 3547 o
251 3488 354 3551 tianis:
381 3496 467 3569 atque
488 3487 560 3549 aded
583 3504 684 3550 omnes
707 3485 748 3548 illi
770 3486 825 3549 suh
847 3486 909 3568 ipsa
931 3507 1023 3570 usque
1043 3488 1197 3571 impietatis

214 3611 228 3651 o
251 3594 412 3674 eruptione,
427 3600 457 3655 et
471 3610 551 3654 seem
566 3590 705 3653 faciehant
719 3608 771 3672 pro
795 3591 886 3653 salute
899 3592 1089 3673 imperatoris,
1105 3601 1134 3655 et
1147 3612 1196 3674 ge-

214 3715 229 3757 «
250 3696 330 3758 nium
345 3698 408 3777 ejus
423 3691 600 3776 dejerabant,
616 3703 645 3757 et
658 3695 755 3776 utique
764 3694 943 3776 publicorum
953 3696 1077 3759 hostium
1090 3715 1197 3763 nomeu

161 3790 163 3795 ’
213 3819 228 3860 e
249 3799 425 3863 Christianis
438 3800 553 3862 dabant.
582 3798 637 3863 Sed
659 3806 689 3861 at
708 3800 757 3879 qui
779 3817 856 3861 nunc
872 3800 1057 3864 scelestarum
1071 3803 1196 3883 partium

213 3902 318 3965 «socii
343 3911 391 3965 aut
417 3904 565 3984 plausores
588 3900 713 3984 quotidie
729 3901 912 3979 revelantur,
936 3912 1000 3984 post
1023 3905 1197 3969 vindemiam

213 4007 455 4087 «parricidarum
479 4006 633 4070 racematio
658 4010 813 4085 superstes,
839 4006 1149 4085 quhm'recentissimis
1168 4015 1199 4069 et

213 4129 228 4171 a
250 4110 453 4175 ramosissimis
468 4110 572 4172 laureis
586 4118 681 4191 postes
699 4109 919 4188 praestruebant!
937 4111 1022 4191 quarn
1036 4108 1200 4173 elatissimis
1318 4145 1320 4148 -

1108 4240 1125 4289 ὅ
