3200 5067
505 428 689 483 OPUSCULUM
707 426 967 480 ruruesurulcurl.
1198 425 1228 477 tt

245 562 260 603 a
280 541 467 605 seditionibus
481 548 511 603 et
522 542 661 604 violentiis
675 540 787 618 avertit,
811 547 948 623 quantum
963 547 1008 603 est
1022 541 1084 621 ejus
1107 541 1136 603 in
1149 558 1230 604 rem·

244 644 387 725 publicam
401 644 556 707 meritum?
573 644 655 718 Quod
669 645 852 708 dominorum
865 643 1007 707 feritatem
1020 644 1139 724 emollit,
1151 646 1229 727 qudd

246 766 394 810 servorum
408 749 616 811 contumaciam
629 749 754 825 edomat,
765 747 843 829 quod
857 766 999 829 pauperes
1013 753 1101 829 opum
1112 748 1230 813 immor·

246 851 345 913 talium
355 850 544 932 promissione
556 853 675 929 solatur,
686 852 818 915 diuitibus
830 860 936 922 aeterna
945 853 1229 935 minatursupplioia,

244 954 274 1015 ni
288 974 319 1017 se
333 973 431 1017 rerum
451 971 568 1017 suarum
583 956 678 1037 potiris
694 974 756 1019 esse
769 957 979 1037 dispensatores
997 960 1084 1039 quam
1098 958 1230 1021 dourinos

245 1059 414 1139 intelligant,
428 1058 561 1141 quodque
573 1060 612 1121 ita
627 1067 734 1123 mutuae
746 1060 871 1123 caritatis
884 1061 996 1124 vinculo
1009 1062 1155 1133 naturales
1166 1081 1231 1124 am-

244 1162 347 1225 borum
369 1164 500 1226 conciliat
519 1163 694 1240 inimicitias,
717 1163 794 1245 qubd
821 1165 973 1246 perillam
995 1166 1227 1242 foraminibus,

240 1268 347 1349 judicia
367 1269 436 1346 reis,
460 1285 591 1331 carceres
611 1266 778 1331 nocentibus
802 1277 913 1344 vacant,
931 1288 1028 1331 nonne
1044 1270 1113 1333 satis
1125 1288 1229 1349 magna

170 1402 176 1411 ·
245 1372 307 1435 baec
320 1380 387 1435 sunt
400 1374 464 1455 ejus
478 1372 508 1435 in
522 1371 740 1455 Rempublicam
757 1371 915 1437 beneficia?
935 1379 968 1433 ut
988 1392 1088 1436 recens
1108 1374 1231 1455 scriptor

243 1480 311 1558 jure
324 1480 419 1542 dicere
439 1480 565 1561 potuerit
592 1498 608 1541 t
631 1478 820 1543 Christianam
837 1478 1084 1558 religionemque
1105 1476 1233 1539 loturum

253 1601 268 1643 r
291 1585 402 1645 tantbm
418 1584 581 1646 felicitatem
593 1581 757 1645 bominibus
774 1582 902 1663 polliceri
924 1582 1051 1657 videtur,
1068 1580 1132 1643 illos
1144 1581 1230 1644 etiam

251 1704 266 1745 a
290 1686 376 1749 bisin
392 1686 477 1749 terris
490 1686 603 1749 efficere
616 1686 715 1749 beatem
730 1687 791 1767 (l).
810 1705 826 1747 u

293 1788 360 1851 llaec
384 1790 479 1851 omnia
499 1808 558 1853 uon
578 1790 673 1853 minus
695 1808 761 1853 vera
780 1796 848 1852 sunt
868 1789 1067 1871 quirescere:
1086 1806 1192 1869 neque,
1207 1790 1233 1852 si

249 1892 324 1975 apud
339 1892 416 1955 hunc
430 1902 482 1957 aut
491 1892 583 1970 illum,
593 1912 657 1973 age,
668 1893 744 1975 apud
752 1893 871 1970 multos,
886 1892 964 1973 apud
978 1892 1141 1973 plerosque,
1157 1894 1234 1974 apud

249 2014 349 2061 omncs
359 1998 478 2080 alicujus
494 1998 618 2079 regionis
631 2000 756 2063 etatisre
769 1998 913 2077 homines,
931 1998 994 2060 bec
1007 1996 1150 2076 Evangelii
1161 2016 1235 2079 prm-

248 2106 326 2182 oepta
344 2103 485 2183 jacerent,
501 2102 531 2170 iu
551 2102 618 2165 vitio
631 2103 692 2185 ipsa
706 2102 752 2167 lex
766 2102 851 2180 soret,
867 2102 917 2165 sed
938 2101 987 2184 qni
1001 2101 1028 2165 ei
1041 2102 1137 2164 mimis
1150 2102 1236 2165 obse·

248 2213 413 2287 querentur.
429 2207 509 2271 Adde
524 2208 611 2290 qubd,
625 2226 661 2271 ex
680 2226 737 2291 quo
759 2208 809 2271 lux
829 2208 991 2271 christianae
1004 2206 1141 2284 ueritatis,
1156 2208 1235 2269 nulla

244 2312 305 2392 jum
325 2318 409 2375 noete
429 2312 644 2392 restinguenda,
668 2314 794 2377 humano
814 2313 911 2392 generi
928 2310 1045 2385 affulsit,
1061 2311 1234 2391 numquam,

248 2538 300 2604 per
313 2539 385 2601 quos
394 2530 531 2585 rectorum
541 2504 681 2603 pancratio
694 2529 913 2605 propagaretur.
928 2522 1047 2600 Verdm,
1060 2541 1149 2604 quum
1164 2522 1235 2586 illud

250 2626 381 2689 omnibus
402 2627 560 2707 ingenitum
582 2628 621 2691 sit
640 2634 673 2689 ut
689 2628 821 2691 arborem
837 2645 872 2689 en
892 2624 987 2713 fructu
1001 2627 1153 2705 estiment,
1168 2633 1238 2690 tunc

249 2732 409 2813 presertim
426 2732 474 2794 illo
498 2732 575 2813 quod
594 2732 828 2795 adumbravimus
845 2730 1063 2809 argumentandi
1076 2749 1182 2809 genere
1196 2730 1236 2793 uti

250 2834 355 2911 decuit,
381 2841 516 2917 tuncque
536 2834 660 2897 maxime
682 2834 864 2916 perspicuum
880 2833 1236 2914 luitquautdmacivitate

251 2938 351 3001 mundi
364 2936 415 3001 Ilei
430 2938 527 3001 civitas
540 2939 671 3017 distaret,
686 2938 751 3000 oum
766 2937 860 2999 adhuc
873 2954 973 2999 recens
986 2938 1003 2999 e
1017 2936 1129 2999 Christo
1141 2938 1237 3001 Eccle-

249 3042 304 3119 sia,
323 3043 499 3106 conditorem
521 3062 607 3106 suurn
623 3041 756 3105 omnibus
775 3041 858 3124 quasi
878 3040 961 3103 lineis
982 3040 1171 3123 exprimebat,
1183 3060 1239 3105 uec

251 3149 396 3221 communi
409 3150 532 3231 quadam
546 3156 678 3213 contenta
691 3166 807 3211 morum
818 3147 970 3230 probitate,
982 3165 1015 3209 se
1025 3153 1067 3209 lot
1078 3146 1140 3208 lere
1150 3145 1237 3209 Sanc·

252 3261 296 3317 tus
326 3255 470 3337 peperisse
500 3262 571 3337 quot
597 3254 670 3316 filius
693 3252 893 3335 gloriabatur,
921 3259 1087 3333 tantamque
1111 3251 1234 3333 patiendi

250 3360 443 3425 constantiamv
459 3359 592 3423 omnibus
611 3358 807 3441 instillaverat,
827 3362 872 3435 ut,
896 3357 931 3420 de
947 3357 995 3420 illa
1009 3355 1234 3420 Christianorum

251 3464 430 3528 multitudine
443 3465 510 3545 igne
529 3464 663 3545 ferroque
676 3463 844 3545 petitorum,
858 3478 897 3524 ne
909 3478 983 3525 unus
999 3460 1115 3542 quidem
1128 3459 1234 3522 intole-

251 3566 339 3631 rabile
347 3570 455 3650 jugum.
466 3574 585 3630 conatus
598 3567 637 3629 sit
647 3574 795 3630 excutere.

267 3688 271 3695 ·
291 3671 435 3755 Optimam
448 3673 534 3753 igitur
547 3671 752 3735 Christianismi
766 3669 926 3753 apologiam
940 3668 995 3731 vita
1008 3666 1233 3731 Christianorum

252 3783 319 3841 tunc
332 3776 469 3860 temporis
486 3776 642 3860 praebebat,
666 3794 839 3858 omnemque
856 3772 966 3837 dicendi
980 3770 1093 3853 copiam
1107 3789 1233 3853 pauper·

251 3882 309 3945 culi
330 3882 477 3965 cujusdam
497 3881 600 3946 servuli
623 3864 776 3963 superabat
798 3879 980 3961 exemplum,
1003 3894 1056 3959 per
1072 3876 1232 3955 euangelica

286 4084 320 4152 (a)
334 4086 518 4151 llontesquleu,
533 4085 618 4150 Esprit
631 4083 678 4135 des
690 4082 759 4135 bois.
