<?xml version="1.0" encoding="UTF-8"?>
<!DOCTYPE html PUBLIC "-//W3C//DTD XHTML 1.0 Transitional//EN"
    "http://www.w3.org/TR/xhtml1/DTD/xhtml1-transitional.dtd">
<html xmlns="http://www.w3.org/1999/xhtml" xml:lang="en" lang="en">
 <head>
  <title>
</title>
<meta http-equiv="Content-Type" content="text/html;charset=utf-8" />
  <meta name='ocr-system' content='tesseract 3.04.00' />
  <meta name='ocr-capabilities' content='ocr_page ocr_carea ocr_par ocr_line ocrx_word'/>
</head>
<body>
  <div class='ocr_page' id='page_1' title='image "./deqsftertullian00marggoog_0030.png"; bbox 0 0 3200 5067; ppageno 0'>
   <div class='ocr_carea' id='block_1_1' title="bbox 346 487 1047 553">
    <p class='ocr_par' dir='ltr' id='par_1_1' title="bbox 346 487 1047 553">
     <span class='ocr_line' id='line_1_1' title="bbox 346 487 1047 553; baseline 0.003 -14"><span class='ocrx_word' id='word_1_1' title='bbox 346 489 383 539; x_wconf 76' lang='grc'><strong>,10</strong></span> <span class='ocrx_word' id='word_1_2' title='bbox 627 490 666 540; x_wconf 81' lang='lat' dir='ltr'><strong>ott</strong></span> <span class='ocrx_word' id='word_1_3' title='bbox 685 490 715 553; x_wconf 81' lang='lat' dir='ltr'><strong>Q.</strong></span> <span class='ocrx_word' id='word_1_4' title='bbox 734 490 760 540; x_wconf 88' lang='lat' dir='ltr'><strong>S.</strong></span> <span class='ocrx_word' id='word_1_5' title='bbox 779 491 807 540; x_wconf 81' lang='lat' dir='ltr'><strong>F.</strong></span> <span class='ocrx_word' id='word_1_6' title='bbox 826 487 1047 542; x_wconf 73' lang='lat' dir='ltr'><strong>mutunttnn&#39;u</strong></span> 
     </span>
    </p>
   </div>
   <div class='ocr_carea' id='block_1_2' title="bbox 350 602 1331 797">
    <p class='ocr_par' dir='ltr' id='par_1_2' title="bbox 350 602 1331 797">
     <span class='ocr_line' id='line_1_2' title="bbox 350 602 1330 687; baseline 0.005 -23"><span class='ocrx_word' id='word_1_7' title='bbox 350 609 448 665; x_wconf 87' lang='lat' dir='ltr'><strong>tunam</strong></span> <span class='ocrx_word' id='word_1_8' title='bbox 462 602 546 665; x_wconf 81' lang='lat' dir='ltr'>Urbis</span> <span class='ocrx_word' id='word_1_9' title='bbox 561 610 745 681; x_wconf 83' lang='lat' dir='ltr'><strong>uenerantes,</strong></span> <span class='ocrx_word' id='word_1_10' title='bbox 762 604 817 686; x_wconf 90' lang='lat' dir='ltr'><strong>ipsi</strong></span> <span class='ocrx_word' id='word_1_11' title='bbox 840 624 871 668; x_wconf 89' lang='lat' dir='ltr'><strong>se</strong></span> <span class='ocrx_word' id='word_1_12' title='bbox 891 623 1030 686; x_wconf 89' lang='lat' dir='ltr'><strong>suamque</strong></span> <span class='ocrx_word' id='word_1_13' title='bbox 1053 605 1209 687; x_wconf 88' lang='lat' dir='ltr'><strong>potentiam</strong></span> <span class='ocrx_word' id='word_1_14' title='bbox 1229 607 1330 670; x_wconf 87' lang='lat' dir='ltr'><strong>divinis</strong></span> 
     </span>
     <span class='ocr_line' id='line_1_3' title="bbox 350 705 1331 797; baseline 0.004 -29"><span class='ocrx_word' id='word_1_15' title='bbox 350 714 593 797; x_wconf 73' lang='lat' dir='ltr'><strong>prosequerentur</strong></span> <span class='ocrx_word' id='word_1_16' title='bbox 605 705 772 771; x_wconf 82' lang='lat' dir='ltr'><strong>honoribus.</strong></span> <span class='ocrx_word' id='word_1_17' title='bbox 788 708 852 771; x_wconf 83' lang='lat' dir='ltr'><strong>hlox</strong></span> <span class='ocrx_word' id='word_1_18' title='bbox 863 710 1026 771; x_wconf 88' lang='lat' dir='ltr'><strong>immutatos</strong></span> <span class='ocrx_word' id='word_1_19' title='bbox 1035 726 1130 771; x_wconf 91' lang='lat' dir='ltr'><strong>mores</strong></span> <span class='ocrx_word' id='word_1_20' title='bbox 1142 709 1231 771; x_wconf 87' lang='lat' dir='ltr'><strong>altera</strong></span> <span class='ocrx_word' id='word_1_21' title='bbox 1242 711 1331 772; x_wconf 91' lang='lat' dir='ltr'><strong>sacris</strong></span> 
     </span>
    </p>
   </div>
   <div class='ocr_carea' id='block_1_3' title="bbox 351 810 1430 894">
    <p class='ocr_par' dir='ltr' id='par_1_3' title="bbox 351 810 1430 894">
     <span class='ocr_line' id='line_1_4' title="bbox 351 810 1430 894; baseline 0.003 -21"><span class='ocrx_word' id='word_1_22' title='bbox 351 810 380 873; x_wconf 92' lang='lat' dir='ltr'><strong>in</strong></span> <span class='ocrx_word' id='word_1_23' title='bbox 395 810 481 874; x_wconf 90' lang='lat' dir='ltr'><strong>rebus</strong></span> <span class='ocrx_word' id='word_1_24' title='bbox 493 810 652 874; x_wconf 88' lang='lat' dir='ltr'><strong>immutatio</strong></span> <span class='ocrx_word' id='word_1_25' title='bbox 667 819 765 875; x_wconf 84' lang='lat' dir='ltr'><strong>secuta</strong></span> <span class='ocrx_word' id='word_1_26' title='bbox 778 818 832 875; x_wconf 90' lang='lat' dir='ltr'><strong>est.</strong></span> <span class='ocrx_word' id='word_1_27' title='bbox 849 811 901 875; x_wconf 86' lang='lat' dir='ltr'><strong>Ubi</strong></span> <span class='ocrx_word' id='word_1_28' title='bbox 920 812 1016 874; x_wconf 88' lang='lat' dir='ltr'><strong>omnia</strong></span> <span class='ocrx_word' id='word_1_29' title='bbox 1036 818 1184 894; x_wconf 87' lang='lat' dir='ltr'><strong>eoepernut</strong></span> <span class='ocrx_word' id='word_1_30' title='bbox 1196 813 1226 874; x_wconf 93' lang='lat' dir='ltr'><strong>in</strong></span> <span class='ocrx_word' id='word_1_31' title='bbox 1240 831 1330 876; x_wconf 91' lang='lat' dir='ltr'><strong>unum</strong></span> <span class='ocrx_word' id='word_1_32' title='bbox 1428 852 1430 854; x_wconf 95' lang='lat'>-</span> 
     </span>
    </p>
   </div>
   <div class='ocr_carea' id='block_1_4' title="bbox 351 912 1332 998">
    <p class='ocr_par' dir='ltr' id='par_1_4' title="bbox 351 912 1332 998">
     <span class='ocr_line' id='line_1_5' title="bbox 351 912 1332 998; baseline -0.006 -16"><span class='ocrx_word' id='word_1_33' title='bbox 351 915 506 998; x_wconf 80' lang='lat' dir='ltr'><strong>respicere,</strong></span> <span class='ocrx_word' id='word_1_34' title='bbox 522 915 638 996; x_wconf 75' lang='lat' dir='ltr'><strong>Resque</strong></span> <span class='ocrx_word' id='word_1_35' title='bbox 651 915 766 994; x_wconf 82' lang='lat' dir='ltr'><strong>populns</strong></span> <span class='ocrx_word' id='word_1_36' title='bbox 788 914 839 977; x_wconf 75' lang='lat' dir='ltr'><strong>imi</strong></span> <span class='ocrx_word' id='word_1_37' title='bbox 856 914 974 992; x_wconf 81' lang='lat' dir='ltr'><strong>servire,</strong></span> <span class='ocrx_word' id='word_1_38' title='bbox 998 912 1106 977; x_wconf 87' lang='lat' dir='ltr'><strong>divinos</strong></span> <span class='ocrx_word' id='word_1_39' title='bbox 1123 914 1247 978; x_wconf 80' lang='lat' dir='ltr'><strong>honores</strong></span> <span class='ocrx_word' id='word_1_40' title='bbox 1269 914 1332 996; x_wconf 91' lang='lat' dir='ltr'><strong>quis</strong></span> 
     </span>
    </p>
   </div>
   <div class='ocr_carea' id='block_1_5' title="bbox 220 994 1333 1102">
    <p class='ocr_par' dir='ltr' id='par_1_5' title="bbox 220 994 1333 1102">
     <span class='ocr_line' id='line_1_6' title="bbox 220 994 1333 1102; baseline 0.001 -20"><span class='ocrx_word' id='word_1_41' title='bbox 220 994 223 999; x_wconf 35' lang='lat'>⁵</span> <span class='ocrx_word' id='word_1_42' title='bbox 326 1078 328 1081; x_wconf 89' lang='lat'>.</span> <span class='ocrx_word' id='word_1_43' title='bbox 352 1020 473 1083; x_wconf 86' lang='lat' dir='ltr'><strong>miretur</strong></span> <span class='ocrx_word' id='word_1_44' title='bbox 486 1020 515 1081; x_wconf 92' lang='lat' dir='ltr'><strong>in</strong></span> <span class='ocrx_word' id='word_1_45' title='bbox 534 1019 615 1081; x_wconf 89' lang='lat' dir='ltr'><strong>illum</strong></span> <span class='ocrx_word' id='word_1_46' title='bbox 631 1019 786 1083; x_wconf 88' lang='lat' dir='ltr'><strong>translatos</strong></span> <span class='ocrx_word' id='word_1_47' title='bbox 803 1020 852 1100; x_wconf 91' lang='lat' dir='ltr'><strong>qui</strong></span> <span class='ocrx_word' id='word_1_48' title='bbox 869 1018 978 1102; x_wconf 68' lang='lat' dir='ltr'><strong>patriae,</strong></span> <span class='ocrx_word' id='word_1_49' title='bbox 997 1036 1181 1102; x_wconf 71' lang='lat' dir='ltr'><strong>remaneque</strong></span> <span class='ocrx_word' id='word_1_50' title='bbox 1199 1016 1333 1083; x_wconf 83' lang='lat' dir='ltr'><strong>Fortunae</strong></span> 
     </span>
    </p>
   </div>
   <div class='ocr_carea' id='block_1_6' title="bbox 352 1122 1335 2245">
    <p class='ocr_par' dir='ltr' id='par_1_6' title="bbox 352 1122 1335 2245">
     <span class='ocr_line' id='line_1_7' title="bbox 352 1122 1332 1203; baseline 0.001 -19"><span class='ocrx_word' id='word_1_51' title='bbox 352 1122 412 1185; x_wconf 89' lang='lat' dir='ltr'><strong>sola</strong></span> <span class='ocrx_word' id='word_1_52' title='bbox 426 1128 574 1203; x_wconf 85' lang='lat' dir='ltr'><strong>supererat</strong></span> <span class='ocrx_word' id='word_1_53' title='bbox 587 1123 703 1200; x_wconf 74' lang='lat' dir='ltr'><strong>imago?</strong></span> <span class='ocrx_word' id='word_1_54' title='bbox 717 1122 797 1201; x_wconf 77' lang='lat' dir='ltr'><strong>Inde,</strong></span> <span class='ocrx_word' id='word_1_55' title='bbox 813 1122 898 1184; x_wconf 86' lang='lat' dir='ltr'><strong>rariis</strong></span> <span class='ocrx_word' id='word_1_56' title='bbox 912 1122 948 1185; x_wconf 89' lang='lat' dir='ltr'><strong>de</strong></span> <span class='ocrx_word' id='word_1_57' title='bbox 969 1122 1075 1200; x_wconf 72' lang='lat' dir='ltr'><strong>conns,</strong></span> <span class='ocrx_word' id='word_1_58' title='bbox 1093 1140 1182 1185; x_wconf 90' lang='lat' dir='ltr'><strong>unum</strong></span> <span class='ocrx_word' id='word_1_59' title='bbox 1198 1123 1332 1186; x_wconf 88' lang='lat' dir='ltr'><strong>omnibns</strong></span> 
     </span>
     <span class='ocr_line' id='line_1_8' title="bbox 354 1225 1333 1308; baseline 0.001 -20"><span class='ocrx_word' id='word_1_60' title='bbox 354 1228 383 1288; x_wconf 93' lang='lat' dir='ltr'><strong>in</strong></span> <span class='ocrx_word' id='word_1_61' title='bbox 396 1225 569 1291; x_wconf 77' lang='lat' dir='ltr'><strong>Christianos</strong></span> <span class='ocrx_word' id='word_1_62' title='bbox 587 1226 694 1305; x_wconf 87' lang='lat' dir='ltr'><strong>odium,</strong></span> <span class='ocrx_word' id='word_1_63' title='bbox 710 1228 777 1292; x_wconf 83' lang='lat' dir='ltr'><strong>c&#39;brn</strong></span> <span class='ocrx_word' id='word_1_64' title='bbox 795 1227 876 1308; x_wconf 86' lang='lat' dir='ltr'><strong>plebs</strong></span> <span class='ocrx_word' id='word_1_65' title='bbox 889 1228 1021 1308; x_wconf 90' lang='lat' dir='ltr'><strong>antiquos</strong></span> <span class='ocrx_word' id='word_1_66' title='bbox 1039 1227 1123 1304; x_wconf 88' lang='lat' dir='ltr'><strong>ritus,</strong></span> <span class='ocrx_word' id='word_1_67' title='bbox 1139 1226 1221 1308; x_wconf 90' lang='lat' dir='ltr'><strong>quasi</strong></span> <span class='ocrx_word' id='word_1_68' title='bbox 1236 1226 1333 1306; x_wconf 89' lang='lat' dir='ltr'><strong>quod·</strong></span> 
     </span>
     <span class='ocr_line' id='line_1_9' title="bbox 354 1330 1333 1413; baseline -0.004 -18"><span class='ocrx_word' id='word_1_69' title='bbox 354 1330 420 1395; x_wconf 88' lang='lat' dir='ltr'><strong>dam</strong></span> <span class='ocrx_word' id='word_1_70' title='bbox 434 1330 533 1395; x_wconf 76' lang='lat' dir='ltr'><strong>aterni</strong></span> <span class='ocrx_word' id='word_1_71' title='bbox 554 1331 583 1393; x_wconf 94' lang='lat' dir='ltr'><strong>in</strong></span> <span class='ocrx_word' id='word_1_72' title='bbox 606 1330 682 1394; x_wconf 91' lang='lat' dir='ltr'><strong>Urbe</strong></span> <span class='ocrx_word' id='word_1_73' title='bbox 696 1331 810 1413; x_wconf 89' lang='lat' dir='ltr'><strong>imperii</strong></span> <span class='ocrx_word' id='word_1_74' title='bbox 830 1330 944 1413; x_wconf 90' lang='lat' dir='ltr'><strong>pignus,</strong></span> <span class='ocrx_word' id='word_1_75' title='bbox 969 1330 1106 1393; x_wconf 84' lang='lat' dir='ltr'><strong>tenaciter</strong></span> <span class='ocrx_word' id='word_1_76' title='bbox 1125 1330 1267 1411; x_wconf 82' lang='lat' dir='ltr'><strong>amplexa,</strong></span> <span class='ocrx_word' id='word_1_77' title='bbox 1282 1348 1333 1392; x_wconf 89' lang='lat' dir='ltr'><strong>su·</strong></span> 
     </span>
     <span class='ocr_line' id='line_1_10' title="bbox 353 1432 1333 1526; baseline -0.003 -27"><span class='ocrx_word' id='word_1_78' title='bbox 353 1435 525 1526; x_wconf 72' lang='lat' dir='ltr'><strong>perstitionis</strong></span> <span class='ocrx_word' id='word_1_79' title='bbox 536 1453 594 1499; x_wconf 87' lang='lat' dir='ltr'><strong>snae</strong></span> <span class='ocrx_word' id='word_1_80' title='bbox 603 1434 778 1498; x_wconf 84' lang='lat' dir='ltr'><strong>adversarios</strong></span> <span class='ocrx_word' id='word_1_81' title='bbox 791 1436 867 1499; x_wconf 83' lang='lat' dir='ltr'><strong>uelut</strong></span> <span class='ocrx_word' id='word_1_82' title='bbox 881 1436 1020 1498; x_wconf 85' lang='lat' dir='ltr'><strong>nefarium</strong></span> <span class='ocrx_word' id='word_1_83' title='bbox 1033 1434 1177 1518; x_wconf 83' lang='lat' dir='ltr'><strong>quoddam</strong></span> <span class='ocrx_word' id='word_1_84' title='bbox 1185 1432 1333 1496; x_wconf 82' lang='lat' dir='ltr'><strong>devotum·</strong></span> 
     </span>
     <span class='ocr_line' id='line_1_11' title="bbox 353 1536 1334 1622; baseline -0.005 -20"><span class='ocrx_word' id='word_1_85' title='bbox 353 1558 410 1621; x_wconf 88' lang='lat' dir='ltr'><strong>que</strong></span> <span class='ocrx_word' id='word_1_86' title='bbox 423 1556 512 1619; x_wconf 88' lang='lat' dir='ltr'><strong>genus</strong></span> <span class='ocrx_word' id='word_1_87' title='bbox 526 1546 731 1618; x_wconf 78' lang='lat' dir='ltr'><strong>exsecraretur,</strong></span> <span class='ocrx_word' id='word_1_88' title='bbox 743 1546 773 1602; x_wconf 85' lang='lat' dir='ltr'><strong>et</strong></span> <span class='ocrx_word' id='word_1_89' title='bbox 785 1538 923 1622; x_wconf 92' lang='lat' dir='ltr'><strong>quidquid</strong></span> <span class='ocrx_word' id='word_1_90' title='bbox 935 1538 991 1601; x_wconf 88' lang='lat' dir='ltr'><strong>illis</strong></span> <span class='ocrx_word' id='word_1_91' title='bbox 1004 1538 1174 1618; x_wconf 85' lang='lat' dir='ltr'><strong>flagitiorum</strong></span> <span class='ocrx_word' id='word_1_92' title='bbox 1190 1536 1274 1599; x_wconf 76' lang='lat' dir='ltr'><strong>fallax</strong></span> <span class='ocrx_word' id='word_1_93' title='bbox 1284 1555 1334 1598; x_wconf 87' lang='lat' dir='ltr'><strong>rn-</strong></span> 
     </span>
     <span class='ocr_line' id='line_1_12' title="bbox 354 1642 1335 1723; baseline -0.003 -16"><span class='ocrx_word' id='word_1_94' title='bbox 354 1659 419 1708; x_wconf 86' lang='lat' dir='ltr'><strong>mor</strong></span> <span class='ocrx_word' id='word_1_95' title='bbox 438 1642 599 1723; x_wconf 85' lang='lat' dir='ltr'><strong>objecisset,</strong></span> <span class='ocrx_word' id='word_1_96' title='bbox 618 1642 706 1705; x_wconf 85' lang='lat' dir='ltr'><strong>uvidis</strong></span> <span class='ocrx_word' id='word_1_97' title='bbox 724 1642 852 1707; x_wconf 88' lang='lat' dir='ltr'><strong>ebiberet</strong></span> <span class='ocrx_word' id='word_1_98' title='bbox 872 1642 1005 1720; x_wconf 86' lang='lat' dir='ltr'><strong>anribns;</strong></span> <span class='ocrx_word' id='word_1_99' title='bbox 1027 1642 1103 1707; x_wconf 89' lang='lat' dir='ltr'><strong>docti</strong></span> <span class='ocrx_word' id='word_1_100' title='bbox 1121 1652 1218 1705; x_wconf 87' lang='lat' dir='ltr'><strong>autem</strong></span> <span class='ocrx_word' id='word_1_101' title='bbox 1233 1642 1285 1704; x_wconf 84' lang='lat' dir='ltr'><strong>riri</strong></span> <span class='ocrx_word' id='word_1_102' title='bbox 1306 1649 1335 1705; x_wconf 88' lang='lat' dir='ltr'><strong>et</strong></span> 
     </span>
     <span class='ocr_line' id='line_1_13' title="bbox 353 1747 1335 1832; baseline -0.002 -22"><span class='ocrx_word' id='word_1_103' title='bbox 353 1747 583 1821; x_wconf 80' lang='lat' dir='ltr'><strong>administrandae</strong></span> <span class='ocrx_word' id='word_1_104' title='bbox 594 1747 758 1832; x_wconf 83' lang='lat' dir='ltr'><strong>reipublicae</strong></span> <span class='ocrx_word' id='word_1_105' title='bbox 769 1748 866 1830; x_wconf 89' lang='lat' dir='ltr'><strong>periti,</strong></span> <span class='ocrx_word' id='word_1_106' title='bbox 880 1748 932 1811; x_wconf 92' lang='lat' dir='ltr'><strong>has</strong></span> <span class='ocrx_word' id='word_1_107' title='bbox 945 1747 1107 1827; x_wconf 80' lang='lat' dir='ltr'><strong>rehgiones,</strong></span> <span class='ocrx_word' id='word_1_108' title='bbox 1116 1748 1170 1811; x_wconf 89' lang='lat' dir='ltr'><strong>etsi</strong></span> <span class='ocrx_word' id='word_1_109' title='bbox 1182 1765 1277 1817; x_wconf 83' lang='lat' dir='ltr'><strong>ranas,</strong></span> <span class='ocrx_word' id='word_1_110' title='bbox 1290 1754 1335 1809; x_wconf 87' lang='lat' dir='ltr'><strong>ta-</strong></span> 
     </span>
     <span class='ocr_line' id='line_1_14' title="bbox 354 1834 1334 1943; baseline 0.002 -31"><span class='ocrx_word' id='word_1_111' title='bbox 354 1868 421 1922; x_wconf 85' lang='lat' dir='ltr'><strong>men</strong></span> <span class='ocrx_word' id='word_1_112' title='bbox 438 1851 532 1929; x_wconf 88' lang='lat' dir='ltr'><strong>utiles,</strong></span> <span class='ocrx_word' id='word_1_113' title='bbox 551 1850 672 1943; x_wconf 86' lang='lat' dir='ltr'><strong>idebque</strong></span> <span class='ocrx_word' id='word_1_114' title='bbox 692 1834 786 1935; x_wconf 79' lang='lat' dir='ltr'><strong>palam</strong></span> <span class='ocrx_word' id='word_1_115' title='bbox 809 1852 1000 1915; x_wconf 83' lang='lat' dir='ltr'><strong>observandas</strong></span> <span class='ocrx_word' id='word_1_116' title='bbox 1022 1852 1189 1931; x_wconf 87' lang='lat' dir='ltr'><strong>credentes,</strong></span> <span class='ocrx_word' id='word_1_117' title='bbox 1212 1868 1263 1914; x_wconf 88' lang='lat' dir='ltr'><strong>eos</strong></span> <span class='ocrx_word' id='word_1_118' title='bbox 1282 1869 1334 1933; x_wconf 89' lang='lat' dir='ltr'><strong>pm</strong></span> 
     </span>
     <span class='ocr_line' id='line_1_15' title="bbox 353 1956 1335 2050; baseline -0.002 -31"><span class='ocrx_word' id='word_1_119' title='bbox 353 1957 475 2050; x_wconf 87' lang='lat' dir='ltr'><strong>publicis</strong></span> <span class='ocrx_word' id='word_1_120' title='bbox 489 1956 618 2020; x_wconf 88' lang='lat' dir='ltr'><strong>hostibus</strong></span> <span class='ocrx_word' id='word_1_121' title='bbox 631 1956 770 2019; x_wconf 86' lang='lat' dir='ltr'><strong>haberent</strong></span> <span class='ocrx_word' id='word_1_122' title='bbox 783 1958 844 2038; x_wconf 90' lang='lat' dir='ltr'><strong>qui,</strong></span> <span class='ocrx_word' id='word_1_123' title='bbox 857 1975 932 2020; x_wconf 77' lang='lat' dir='ltr'><strong>caeco</strong></span> <span class='ocrx_word' id='word_1_124' title='bbox 943 1958 973 2019; x_wconf 93' lang='lat' dir='ltr'><strong>in</strong></span> <span class='ocrx_word' id='word_1_125' title='bbox 986 1957 1114 2019; x_wconf 90' lang='lat' dir='ltr'><strong>instituta</strong></span> <span class='ocrx_word' id='word_1_126' title='bbox 1126 1956 1270 2037; x_wconf 87' lang='lat' dir='ltr'><strong>majorum</strong></span> <span class='ocrx_word' id='word_1_127' title='bbox 1281 1956 1335 2017; x_wconf 90' lang='lat' dir='ltr'><strong>im-</strong></span> 
     </span>
     <span class='ocr_line' id='line_1_16' title="bbox 354 2059 1332 2151; baseline -0.002 -27"><span class='ocrx_word' id='word_1_128' title='bbox 354 2067 422 2151; x_wconf 88' lang='lat' dir='ltr'><strong>petu</strong></span> <span class='ocrx_word' id='word_1_129' title='bbox 435 2061 520 2136; x_wconf 86' lang='lat' dir='ltr'><strong>lacto,</strong></span> <span class='ocrx_word' id='word_1_130' title='bbox 537 2078 678 2124; x_wconf 87' lang='lat' dir='ltr'><strong>summam</strong></span> <span class='ocrx_word' id='word_1_131' title='bbox 688 2078 786 2122; x_wconf 86' lang='lat' dir='ltr'><strong>rerum</strong></span> <span class='ocrx_word' id='word_1_132' title='bbox 800 2060 830 2121; x_wconf 95' lang='lat' dir='ltr'><strong>in</strong></span> <span class='ocrx_word' id='word_1_133' title='bbox 843 2060 999 2122; x_wconf 80' lang='lat' dir='ltr'><strong>maximum</strong></span> <span class='ocrx_word' id='word_1_134' title='bbox 1015 2059 1170 2124; x_wconf 84' lang='lat' dir='ltr'><strong>discrimen</strong></span> <span class='ocrx_word' id='word_1_135' title='bbox 1180 2060 1332 2137; x_wconf 79' lang='lat' dir='ltr'><strong>uocabant3</strong></span> 
     </span>
     <span class='ocr_line' id='line_1_17' title="bbox 355 2164 1334 2245; baseline -0.003 -16"><span class='ocrx_word' id='word_1_136' title='bbox 355 2165 601 2242; x_wconf 70' lang='lat' dir='ltr'><strong>essarrorum</strong></span> <span class='ocrx_word' id='word_1_137' title='bbox 625 2164 727 2245; x_wconf 80' lang='lat' dir='ltr'><strong>parum</strong></span> <span class='ocrx_word' id='word_1_138' title='bbox 747 2171 810 2227; x_wconf 87' lang='lat' dir='ltr'><strong>crat</strong></span> <span class='ocrx_word' id='word_1_139' title='bbox 828 2164 853 2225; x_wconf 91' lang='lat' dir='ltr'><strong>si</strong></span> <span class='ocrx_word' id='word_1_140' title='bbox 866 2165 1004 2228; x_wconf 78' lang='lat' dir='ltr'><strong>mortales</strong></span> <span class='ocrx_word' id='word_1_141' title='bbox 1028 2166 1139 2228; x_wconf 86' lang='lat' dir='ltr'><strong>tanthm</strong></span> <span class='ocrx_word' id='word_1_142' title='bbox 1159 2166 1285 2227; x_wconf 89' lang='lat' dir='ltr'><strong>honores</strong></span> <span class='ocrx_word' id='word_1_143' title='bbox 1304 2164 1334 2240; x_wconf 82' lang='lat' dir='ltr'><strong>in</strong></span> 
     </span>
    </p>
   </div>
   <div class='ocr_carea' id='block_1_7' title="bbox 354 2267 1336 2567">
    <p class='ocr_par' dir='ltr' id='par_1_7' title="bbox 354 2267 1336 2567">
     <span class='ocr_line' id='line_1_18' title="bbox 355 2267 1335 2351; baseline -0.009 -14"><span class='ocrx_word' id='word_1_144' title='bbox 355 2279 531 2351; x_wconf 83' lang='lat' dir='ltr'><strong>caputsnum</strong></span> <span class='ocrx_word' id='word_1_145' title='bbox 549 2268 774 2347; x_wconf 88' lang='lat' dir='ltr'><strong>cumularentur,</strong></span> <span class='ocrx_word' id='word_1_146' title='bbox 787 2269 912 2331; x_wconf 90' lang='lat' dir='ltr'><strong>numinis</strong></span> <span class='ocrx_word' id='word_1_147' title='bbox 920 2269 963 2331; x_wconf 92' lang='lat' dir='ltr'><strong>sui</strong></span> <span class='ocrx_word' id='word_1_148' title='bbox 977 2271 1188 2351; x_wconf 79' lang='lat' dir='ltr'><strong>mntemptores</strong></span> <span class='ocrx_word' id='word_1_149' title='bbox 1199 2267 1335 2349; x_wconf 77' lang='lat' dir='ltr'><strong>tanquam</strong></span> 
     </span>
     <span class='ocr_line' id='line_1_19' title="bbox 354 2373 1127 2472; baseline -0.001 -34"><span class='ocrx_word' id='word_1_150' title='bbox 354 2374 510 2456; x_wconf 84' lang='lat' dir='ltr'><strong>majestatis</strong></span> <span class='ocrx_word' id='word_1_151' title='bbox 523 2373 684 2472; x_wconf 86' lang='lat' dir='ltr'><strong>violatores,</strong></span> <span class='ocrx_word' id='word_1_152' title='bbox 700 2374 911 2467; x_wconf 86' lang='lat' dir='ltr'><strong>parricidasqne</strong></span> <span class='ocrx_word' id='word_1_153' title='bbox 925 2375 1127 2460; x_wconf 84' lang='lat' dir='ltr'><strong>proscriberet.</strong></span> 
     </span>
     <span class='ocr_line' id='line_1_20' title="bbox 395 2478 1336 2567; baseline -0.001 -25"><span class='ocrx_word' id='word_1_154' title='bbox 395 2479 448 2542; x_wconf 85' lang='lat' dir='ltr'><strong>Tot</strong></span> <span class='ocrx_word' id='word_1_155' title='bbox 459 2479 600 2567; x_wconf 89' lang='lat' dir='ltr'><strong>tantisque</strong></span> <span class='ocrx_word' id='word_1_156' title='bbox 614 2480 756 2549; x_wconf 87' lang='lat' dir='ltr'><strong>christiani</strong></span> <span class='ocrx_word' id='word_1_157' title='bbox 771 2481 895 2551; x_wconf 83' lang='lat' dir='ltr'><strong>nominis</strong></span> <span class='ocrx_word' id='word_1_158' title='bbox 909 2480 1038 2550; x_wconf 90' lang='lat' dir='ltr'><strong>hostibus</strong></span> <span class='ocrx_word' id='word_1_159' title='bbox 1052 2499 1069 2542; x_wconf 91' lang='lat' dir='ltr'><strong>a</strong></span> <span class='ocrx_word' id='word_1_160' title='bbox 1082 2478 1218 2561; x_wconf 87' lang='lat' dir='ltr'><strong>Septimio</strong></span> <span class='ocrx_word' id='word_1_161' title='bbox 1232 2498 1336 2541; x_wconf 87' lang='lat' dir='ltr'><strong>occur-</strong></span> 
     </span>
    </p>
   </div>
   <div class='ocr_carea' id='block_1_8' title="bbox 354 2583 1406 4230">
    <p class='ocr_par' dir='ltr' id='par_1_8' title="bbox 354 2583 1406 4230">
     <span class='ocr_line' id='line_1_21' title="bbox 355 2583 1336 2675; baseline -0.002 -28"><span class='ocrx_word' id='word_1_162' title='bbox 355 2603 420 2655; x_wconf 87' lang='lat' dir='ltr'><strong>sum</strong></span> <span class='ocrx_word' id='word_1_163' title='bbox 433 2592 477 2648; x_wconf 89' lang='lat' dir='ltr'><strong>est</strong></span> <span class='ocrx_word' id='word_1_164' title='bbox 490 2584 519 2645; x_wconf 91' lang='lat' dir='ltr'><strong>in</strong></span> <span class='ocrx_word' id='word_1_165' title='bbox 533 2583 715 2675; x_wconf 74' lang='lat' dir='ltr'><strong>apologetico</strong></span> <span class='ocrx_word' id='word_1_166' title='bbox 725 2584 832 2661; x_wconf 85' lang='lat' dir='ltr'><strong>libello,</strong></span> <span class='ocrx_word' id='word_1_167' title='bbox 849 2602 933 2675; x_wconf 88' lang='lat' dir='ltr'><strong>quem</strong></span> <span class='ocrx_word' id='word_1_168' title='bbox 950 2584 998 2646; x_wconf 91' lang='lat' dir='ltr'><strong>tali</strong></span> <span class='ocrx_word' id='word_1_169' title='bbox 1015 2583 1167 2648; x_wconf 87' lang='lat' dir='ltr'><strong>verborum</strong></span> <span class='ocrx_word' id='word_1_170' title='bbox 1182 2584 1336 2647; x_wconf 87' lang='lat' dir='ltr'><strong>vehemen-</strong></span> 
     </span>
     <span class='ocr_line' id='line_1_22' title="bbox 354 2687 1336 2782; baseline -0.002 -29"><span class='ocrx_word' id='word_1_171' title='bbox 354 2693 393 2755; x_wconf 76' lang='lat' dir='ltr'><strong>tia</strong></span> <span class='ocrx_word' id='word_1_172' title='bbox 412 2692 671 2772; x_wconf 85' lang='lat' dir='ltr'><strong>sententiarumque</strong></span> <span class='ocrx_word' id='word_1_173' title='bbox 694 2690 830 2769; x_wconf 79' lang='lat' dir='ltr'><strong>gravitate</strong></span> <span class='ocrx_word' id='word_1_174' title='bbox 852 2690 1030 2782; x_wconf 86' lang='lat' dir='ltr'><strong>conscripsit,</strong></span> <span class='ocrx_word' id='word_1_175' title='bbox 1056 2696 1100 2767; x_wconf 86' lang='lat' dir='ltr'><strong>ut,</strong></span> <span class='ocrx_word' id='word_1_176' title='bbox 1127 2687 1251 2766; x_wconf 82' lang='lat' dir='ltr'><strong>tustino,</strong></span> <span class='ocrx_word' id='word_1_177' title='bbox 1272 2688 1336 2751; x_wconf 89' lang='lat' dir='ltr'><strong>llil-</strong></span> 
     </span>
     <span class='ocr_line' id='line_1_23' title="bbox 355 2794 1406 2879; baseline -0.002 -20"><span class='ocrx_word' id='word_1_178' title='bbox 355 2798 446 2877; x_wconf 80' lang='lat' dir='ltr'><strong>bade,</strong></span> <span class='ocrx_word' id='word_1_179' title='bbox 470 2798 668 2877; x_wconf 76' lang='lat' dir='ltr'><strong>Athenagora,</strong></span> <span class='ocrx_word' id='word_1_180' title='bbox 688 2798 855 2879; x_wconf 70' lang='lat' dir='ltr'><strong>caeterisque</strong></span> <span class='ocrx_word' id='word_1_181' title='bbox 874 2796 976 2859; x_wconf 89' lang='lat' dir='ltr'><strong>Christi</strong></span> <span class='ocrx_word' id='word_1_182' title='bbox 999 2804 1066 2860; x_wconf 91' lang='lat' dir='ltr'><strong>ante</strong></span> <span class='ocrx_word' id='word_1_183' title='bbox 1090 2814 1121 2858; x_wconf 86' lang='lat' dir='ltr'><strong>se</strong></span> <span class='ocrx_word' id='word_1_184' title='bbox 1139 2794 1336 2858; x_wconf 84' lang='lat' dir='ltr'><strong>defensoribus</strong></span> <span class='ocrx_word' id='word_1_185' title='bbox 1403 2797 1406 2803; x_wconf 70' lang='grc'>“</span> 
     </span>
     <span class='ocr_line' id='line_1_24' title="bbox 355 2896 1334 2986; baseline 0 -25"><span class='ocrx_word' id='word_1_186' title='bbox 355 2899 436 2964; x_wconf 76' lang='lat' dir='ltr'><strong>laede</strong></span> <span class='ocrx_word' id='word_1_187' title='bbox 444 2899 557 2977; x_wconf 89' lang='lat' dir='ltr'><strong>melior,</strong></span> <span class='ocrx_word' id='word_1_188' title='bbox 569 2899 701 2963; x_wconf 92' lang='lat' dir='ltr'><strong>omnibus</strong></span> <span class='ocrx_word' id='word_1_189' title='bbox 716 2900 815 2962; x_wconf 90' lang='lat' dir='ltr'><strong>eadem</strong></span> <span class='ocrx_word' id='word_1_190' title='bbox 827 2896 923 2983; x_wconf 88' lang='lat' dir='ltr'><strong>praelia</strong></span> <span class='ocrx_word' id='word_1_191' title='bbox 937 2901 1036 2986; x_wconf 75' lang='lat' dir='ltr'><strong>posted</strong></span> <span class='ocrx_word' id='word_1_192' title='bbox 1045 2898 1170 2976; x_wconf 87' lang='lat' dir='ltr'><strong>inituris,</strong></span> <span class='ocrx_word' id='word_1_193' title='bbox 1183 2898 1334 2981; x_wconf 80' lang='lat' dir='ltr'><strong>Cypriane,</strong></span> 
     </span>
     <span class='ocr_line' id='line_1_25' title="bbox 355 3000 1336 3085; baseline 0 -19"><span class='ocrx_word' id='word_1_194' title='bbox 355 3004 512 3082; x_wconf 75' lang='lat' dir='ltr'><strong>Lactantio,</strong></span> <span class='ocrx_word' id='word_1_195' title='bbox 529 3003 668 3084; x_wconf 76' lang='lat' dir='ltr'><strong>llrnobio,</strong></span> <span class='ocrx_word' id='word_1_196' title='bbox 684 3005 814 3084; x_wconf 82' lang='lat' dir='ltr'><strong>Minutio,</strong></span> <span class='ocrx_word' id='word_1_197' title='bbox 828 3005 999 3083; x_wconf 80' lang='lat' dir='ltr'><strong>Augustino,</strong></span> <span class='ocrx_word' id='word_1_198' title='bbox 1015 3003 1186 3081; x_wconf 76' lang='lat' dir='ltr'><strong>Athanasio,</strong></span> <span class='ocrx_word' id='word_1_199' title='bbox 1201 3000 1336 3085; x_wconf 73' lang='lat' dir='ltr'><strong>prachne-</strong></span> 
     </span>
     <span class='ocr_line' id='line_1_26' title="bbox 355 3108 1334 3190; baseline 0 -21"><span class='ocrx_word' id='word_1_200' title='bbox 355 3108 394 3179; x_wconf 87' lang='lat' dir='ltr'><strong>rit</strong></span> <span class='ocrx_word' id='word_1_201' title='bbox 413 3108 569 3190; x_wconf 80' lang='lat' dir='ltr'><strong>exemplar,</strong></span> <span class='ocrx_word' id='word_1_202' title='bbox 585 3127 751 3189; x_wconf 86' lang='lat' dir='ltr'><strong>omnesque,</strong></span> <span class='ocrx_word' id='word_1_203' title='bbox 774 3117 878 3190; x_wconf 75' lang='lat' dir='ltr'><strong>praeter</strong></span> <span class='ocrx_word' id='word_1_204' title='bbox 898 3126 988 3169; x_wconf 91' lang='lat' dir='ltr'><strong>unum</strong></span> <span class='ocrx_word' id='word_1_205' title='bbox 1009 3108 1210 3186; x_wconf 77' lang='lat' dir='ltr'><strong>Athanasium,</strong></span> <span class='ocrx_word' id='word_1_206' title='bbox 1227 3108 1334 3171; x_wconf 84' lang='lat' dir='ltr'><strong>vicerit.</strong></span> 
     </span>
     <span class='ocr_line' id='line_1_27' title="bbox 356 3211 1339 3294; baseline -0.002 -16"><span class='ocrx_word' id='word_1_207' title='bbox 356 3212 512 3294; x_wconf 67' lang='lat' dir='ltr'><strong>Cyprianus</strong></span> <span class='ocrx_word' id='word_1_208' title='bbox 530 3213 606 3273; x_wconf 90' lang='lat' dir='ltr'><strong>enim</strong></span> <span class='ocrx_word' id='word_1_209' title='bbox 623 3213 659 3282; x_wconf 87' lang='lat' dir='ltr'><strong>de</strong></span> <span class='ocrx_word' id='word_1_210' title='bbox 678 3212 786 3291; x_wconf 88' lang='lat' dir='ltr'><strong>origine</strong></span> <span class='ocrx_word' id='word_1_211' title='bbox 807 3212 938 3289; x_wconf 87' lang='lat' dir='ltr'><strong>deorum,</strong></span> <span class='ocrx_word' id='word_1_212' title='bbox 962 3211 1098 3274; x_wconf 84' lang='lat' dir='ltr'><strong>Minutius</strong></span> <span class='ocrx_word' id='word_1_213' title='bbox 1117 3212 1153 3288; x_wconf 90' lang='lat' dir='ltr'><strong>de</strong></span> <span class='ocrx_word' id='word_1_214' title='bbox 1171 3211 1339 3286; x_wconf 83' lang='lat' dir='ltr'><strong>rumoribus</strong></span> 
     </span>
     <span class='ocr_line' id='line_1_28' title="bbox 357 3310 1337 3401; baseline 0.004 -25"><span class='ocrx_word' id='word_1_215' title='bbox 357 3314 490 3386; x_wconf 82' lang='lat' dir='ltr'><strong>adversus</strong></span> <span class='ocrx_word' id='word_1_216' title='bbox 507 3310 680 3375; x_wconf 81' lang='lat' dir='ltr'><strong>Christianos</strong></span> <span class='ocrx_word' id='word_1_217' title='bbox 703 3314 827 3394; x_wconf 81' lang='lat' dir='ltr'><strong>jactetis,</strong></span> <span class='ocrx_word' id='word_1_218' title='bbox 852 3315 988 3401; x_wconf 87' lang='lat' dir='ltr'><strong>pleraque</strong></span> <span class='ocrx_word' id='word_1_219' title='bbox 1014 3316 1169 3383; x_wconf 87' lang='lat' dir='ltr'><strong>disserunt.</strong></span> <span class='ocrx_word' id='word_1_220' title='bbox 1194 3316 1337 3386; x_wconf 77' lang='lat' dir='ltr'><strong>Arnobius</strong></span> 
     </span>
     <span class='ocr_line' id='line_1_29' title="bbox 356 3402 1336 3503; baseline 0.011 -25"><span class='ocrx_word' id='word_1_221' title='bbox 356 3417 447 3491; x_wconf 87' lang='lat' dir='ltr'><strong>multa</strong></span> <span class='ocrx_word' id='word_1_222' title='bbox 460 3434 583 3499; x_wconf 90' lang='lat' dir='ltr'><strong>perquae</strong></span> <span class='ocrx_word' id='word_1_223' title='bbox 596 3416 722 3479; x_wconf 82' lang='lat' dir='ltr'><strong>Ethnicis</strong></span> <span class='ocrx_word' id='word_1_224' title='bbox 735 3435 868 3489; x_wconf 82' lang='lat' dir='ltr'><strong>errorum</strong></span> <span class='ocrx_word' id='word_1_225' title='bbox 881 3402 999 3488; x_wconf 83' lang='lat' dir='ltr'><strong>suorum</strong></span> <span class='ocrx_word' id='word_1_226' title='bbox 1010 3420 1149 3503; x_wconf 89' lang='lat' dir='ltr'><strong>pudorem</strong></span> <span class='ocrx_word' id='word_1_227' title='bbox 1161 3421 1336 3497; x_wconf 83' lang='lat' dir='ltr'><strong>incutiendo,</strong></span> 
     </span>
     <span class='ocr_line' id='line_1_30' title="bbox 356 3511 1337 3612; baseline 0.003 -28"><span class='ocrx_word' id='word_1_228' title='bbox 356 3539 431 3586; x_wconf 84' lang='lat' dir='ltr'><strong>verae</strong></span> <span class='ocrx_word' id='word_1_229' title='bbox 451 3520 595 3609; x_wconf 78' lang='lat' dir='ltr'><strong>religionis</strong></span> <span class='ocrx_word' id='word_1_230' title='bbox 618 3511 746 3590; x_wconf 81' lang='lat' dir='ltr'><strong>notitiam</strong></span> <span class='ocrx_word' id='word_1_231' title='bbox 767 3522 935 3600; x_wconf 87' lang='lat' dir='ltr'><strong>insinuaret,</strong></span> <span class='ocrx_word' id='word_1_232' title='bbox 960 3518 1120 3593; x_wconf 85' lang='lat' dir='ltr'><strong>eruditione</strong></span> <span class='ocrx_word' id='word_1_233' title='bbox 1141 3526 1232 3612; x_wconf 85' lang='lat' dir='ltr'><strong>magis</strong></span> <span class='ocrx_word' id='word_1_234' title='bbox 1251 3524 1337 3605; x_wconf 78' lang='lat' dir='ltr'><strong>quam</strong></span> 
     </span>
     <span class='ocr_line' id='line_1_31' title="bbox 355 3618 1339 3722; baseline 0.002 -33"><span class='ocrx_word' id='word_1_235' title='bbox 355 3626 462 3714; x_wconf 89' lang='lat' dir='ltr'><strong>judicio</strong></span> <span class='ocrx_word' id='word_1_236' title='bbox 478 3618 641 3719; x_wconf 83' lang='lat' dir='ltr'><strong>conspicua,</strong></span> <span class='ocrx_word' id='word_1_237' title='bbox 656 3624 685 3687; x_wconf 88' lang='lat' dir='ltr'><strong>in</strong></span> <span class='ocrx_word' id='word_1_238' title='bbox 710 3631 774 3687; x_wconf 92' lang='lat' dir='ltr'><strong>octo</strong></span> <span class='ocrx_word' id='word_1_239' title='bbox 796 3624 884 3695; x_wconf 87' lang='lat' dir='ltr'><strong>libros</strong></span> <span class='ocrx_word' id='word_1_240' title='bbox 906 3628 1058 3718; x_wconf 79' lang='lat' dir='ltr'><strong>congessit,</strong></span> <span class='ocrx_word' id='word_1_241' title='bbox 1083 3628 1178 3722; x_wconf 80' lang='lat' dir='ltr'><strong>potiris</strong></span> <span class='ocrx_word' id='word_1_242' title='bbox 1191 3629 1277 3710; x_wconf 76' lang='lat' dir='ltr'><strong>quam</strong></span> <span class='ocrx_word' id='word_1_243' title='bbox 1291 3628 1339 3697; x_wconf 89' lang='lat' dir='ltr'><strong>di-</strong></span> 
     </span>
     <span class='ocr_line' id='line_1_32' title="bbox 359 3730 1337 3823; baseline 0.001 -30"><span class='ocrx_word' id='word_1_244' title='bbox 359 3731 455 3813; x_wconf 82' lang='lat' dir='ltr'><strong>gessit,</strong></span> <span class='ocrx_word' id='word_1_245' title='bbox 468 3730 532 3813; x_wconf 92' lang='lat' dir='ltr'><strong>plus</strong></span> <span class='ocrx_word' id='word_1_246' title='bbox 544 3732 625 3815; x_wconf 85' lang='lat' dir='ltr'><strong>aequb</strong></span> <span class='ocrx_word' id='word_1_247' title='bbox 640 3730 770 3823; x_wconf 89' lang='lat' dir='ltr'><strong>turpibus</strong></span> <span class='ocrx_word' id='word_1_248' title='bbox 785 3730 954 3795; x_wconf 88' lang='lat' dir='ltr'><strong>immoratus</strong></span> <span class='ocrx_word' id='word_1_249' title='bbox 968 3731 1080 3813; x_wconf 88' lang='lat' dir='ltr'><strong>sabulis,</strong></span> <span class='ocrx_word' id='word_1_250' title='bbox 1096 3752 1219 3815; x_wconf 90' lang='lat' dir='ltr'><strong>quarum</strong></span> <span class='ocrx_word' id='word_1_251' title='bbox 1233 3750 1337 3795; x_wconf 87' lang='lat' dir='ltr'><strong>nomen</strong></span> 
     </span>
     <span class='ocr_line' id='line_1_33' title="bbox 359 3834 1335 3919; baseline 0.001 -21"><span class='ocrx_word' id='word_1_252' title='bbox 359 3834 469 3898; x_wconf 83' lang='lat' dir='ltr'><strong>referre</strong></span> <span class='ocrx_word' id='word_1_253' title='bbox 482 3834 627 3912; x_wconf 77' lang='lat' dir='ltr'><strong>satisfuit,</strong></span> <span class='ocrx_word' id='word_1_254' title='bbox 642 3836 800 3919; x_wconf 85' lang='lat' dir='ltr'><strong>saepibsque</strong></span> <span class='ocrx_word' id='word_1_255' title='bbox 815 3836 1035 3901; x_wconf 88' lang='lat' dir='ltr'><strong>christianorum</strong></span> <span class='ocrx_word' id='word_1_256' title='bbox 1052 3838 1219 3917; x_wconf 86' lang='lat' dir='ltr'><strong>dogmatum</strong></span> <span class='ocrx_word' id='word_1_257' title='bbox 1233 3838 1335 3919; x_wconf 81' lang='lat' dir='ltr'><strong>panim</strong></span> 
     </span>
     <span class='ocr_line' id='line_1_34' title="bbox 361 3934 1337 4022; baseline -0.002 -17"><span class='ocrx_word' id='word_1_258' title='bbox 361 3938 773 4022; x_wconf 64' lang='lat' dir='ltr'><strong>fidelisinterprss3vehemens</strong></span> <span class='ocrx_word' id='word_1_259' title='bbox 786 3942 922 4005; x_wconf 79' lang='lat' dir='ltr'><strong>caeterum</strong></span> <span class='ocrx_word' id='word_1_260' title='bbox 932 3949 961 4005; x_wconf 90' lang='lat' dir='ltr'><strong>et</strong></span> <span class='ocrx_word' id='word_1_261' title='bbox 973 3934 1050 4020; x_wconf 85' lang='lat' dir='ltr'><strong>acer,</strong></span> <span class='ocrx_word' id='word_1_262' title='bbox 1065 3942 1115 4005; x_wconf 86' lang='lat' dir='ltr'><strong>sed</strong></span> <span class='ocrx_word' id='word_1_263' title='bbox 1129 3942 1259 4005; x_wconf 91' lang='lat' dir='ltr'><strong>turbidus</strong></span> <span class='ocrx_word' id='word_1_264' title='bbox 1273 3960 1337 4003; x_wconf 48' lang='lat' dir='ltr'><strong>mo*</strong></span> 
     </span>
     <span class='ocr_line' id='line_1_35' title="bbox 361 4046 1338 4135; baseline -0.004 -24"><span class='ocrx_word' id='word_1_265' title='bbox 361 4050 445 4135; x_wconf 82' lang='lat' dir='ltr'><strong>dique</strong></span> <span class='ocrx_word' id='word_1_266' title='bbox 465 4047 589 4127; x_wconf 89' lang='lat' dir='ltr'><strong>nescius,</strong></span> <span class='ocrx_word' id='word_1_267' title='bbox 609 4054 695 4130; x_wconf 89' lang='lat' dir='ltr'><strong>atque</strong></span> <span class='ocrx_word' id='word_1_268' title='bbox 715 4046 946 4127; x_wconf 85' lang='lat' dir='ltr'><strong>exquisitiorihus</strong></span> <span class='ocrx_word' id='word_1_269' title='bbox 968 4046 1071 4126; x_wconf 86' lang='lat' dir='ltr'><strong>verbis,</strong></span> <span class='ocrx_word' id='word_1_270' title='bbox 1091 4047 1338 4132; x_wconf 84' lang='lat' dir='ltr'><strong>ornatioribusque</strong></span> 
     </span>
     <span class='ocr_line' id='line_1_36' title="bbox 362 4134 1337 4230; baseline -0.004 -15"><span class='ocrx_word' id='word_1_271' title='bbox 362 4136 509 4223; x_wconf 81' lang='lat' dir='ltr'><strong>sententiis</strong></span> <span class='ocrx_word' id='word_1_272' title='bbox 531 4134 668 4215; x_wconf 87' lang='lat' dir='ltr'><strong>nonnulla</strong></span> <span class='ocrx_word' id='word_1_273' title='bbox 690 4150 828 4214; x_wconf 78' lang='lat' dir='ltr'><strong>barbariae</strong></span> <span class='ocrx_word' id='word_1_274' title='bbox 856 4151 971 4230; x_wconf 88' lang='lat' dir='ltr'><strong>vestigia</strong></span> <span class='ocrx_word' id='word_1_275' title='bbox 995 4151 1165 4215; x_wconf 85' lang='lat' dir='ltr'><strong>admiscens.</strong></span> <span class='ocrx_word' id='word_1_276' title='bbox 1193 4150 1337 4220; x_wconf 85' lang='lat' dir='ltr'><strong>Lactantio</strong></span> 
     </span>
    </p>
   </div>
   <div class='ocr_carea' id='block_1_9' title="bbox 0 0 1614 5060">
    <p class='ocr_par' dir='ltr' id='par_1_9' title="bbox 0 0 1614 5060">
     <span class='ocr_line' id='line_1_37' title="bbox 0 0 1614 5060; baseline 0 0"><span class='ocrx_word' id='word_1_277' title='bbox 0 0 1614 5060; x_wconf 95' lang='lat' dir='ltr'><strong> </strong></span> 
     </span>
    </p>
   </div>
  </div>
 </body>
</html>
