3200 5067
373 504 406 554 50
664 493 706 549 DE
724 501 754 561 Q.
773 500 799 549 S.
819 500 847 548 F.
865 497 1087 550 annibaliano

375 634 391 674 a
412 620 553 695 poetatur,
569 612 619 675 sed
633 629 682 675 uos
696 611 763 675 estis
783 612 820 675 de
829 610 974 692 judicibus
992 611 1061 692 ipsis
1071 612 1277 693 judicaturi...
1292 612 1357 674 lam

375 736 390 778 ‹
414 735 471 778 nou
492 716 570 779 vides
589 715 699 778 alienos
719 715 799 793 deos,
821 733 881 777 non
903 714 1074 794 imaginibus
1098 734 1201 779 eorum
1222 717 1357 795 incurris,

375 841 390 881 r
415 839 472 883 non
485 820 628 883 solemnes
641 820 789 882 nationum
804 819 865 882 dies
886 819 947 901 ipsa
967 820 1170 884 commixtione
1184 820 1357 903 participas,

374 945 391 987 ‹
412 944 470 988 non
486 925 632 989 nidoribus
642 925 753 1007 spurcis
766 923 941 1001 verberaris,
956 940 1014 987 non
1026 925 1199 988 clamoribus
1213 933 1361 1008 spectacu-

374 1050 390 1090 ι
412 1030 506 1092 lorum
530 1027 709 1104 atrocitates,
731 1027 774 1089 vel
794 1027 919 1104 inroras,
939 1027 983 1090 rel
1007 1027 1198 1110 impudicitias
1213 1027 1361 1092 celebran-

376 1152 391 1193 u
412 1132 485 1194 tium
501 1132 636 1209 cederis3
652 1149 709 1194 non
729 1131 760 1193 in
780 1130 842 1193 loca
862 1130 1010 1194 libidinum
1028 1131 1206 1213 publicarum
1228 1132 1304 1197 oculi
1318 1132 1361 1195 tui

375 1256 392 1297 a
413 1234 592 1316 impingunt3
607 1235 714 1297 measa
731 1233 882 1311 scandalis,
896 1234 913 1295 a
928 1234 1141 1313 tentationibus,
1155 1234 1361 1298 arecordatio-

374 1359 390 1400 c
412 1339 495 1401 nibus
514 1339 608 1417 malis,
631 1340 692 1420 jam
716 1346 744 1401 et
767 1340 783 1399 d
805 1339 1016 1419 persecutione.
1040 1338 1100 1401 lloo
1124 1346 1241 1421 praestat
1261 1356 1360 1401 carcer

373 1463 389 1505 ‹
412 1442 586 1521 Christiano,
604 1444 680 1525 quod
695 1461 810 1505 eremus
824 1443 1023 1525 prophetis...

414 1566 430 1607 u
453 1546 506 1623 Sit,
522 1564 614 1623 nune,
633 1546 793 1623 benedicti,
809 1564 908 1608 carcer
927 1545 1013 1607 etiam
1028 1544 1195 1608 Christianis
1210 1547 1356 1609 molestus.

375 1670 391 1712 a
412 1650 509 1713 Vocati
528 1669 627 1713 sumus
640 1651 676 1712 ad
688 1649 819 1713 militiam
834 1649 884 1712 Dei
899 1648 965 1726 rivi,
977 1651 1038 1729 jam
1053 1657 1122 1711 tunc
1139 1650 1206 1712 caim
1220 1651 1249 1712 in
1262 1669 1359 1713 sacra·

374 1774 390 1814 a
413 1754 501 1817 menti
512 1754 597 1817 rerba
611 1754 822 1835 respondimus.
839 1753 931 1816 Nemo
945 1753 1028 1815 miles
1043 1753 1078 1815 ad
1091 1754 1198 1816 bellum
1210 1773 1277 1816 cum
1290 1755 1360 1817 deli-

375 1880 390 1921 u
413 1860 463 1923 ciis
476 1860 564 1938 venit,
578 1879 631 1923 neo
645 1861 679 1924 de
693 1860 824 1922 cubiculo
847 1860 875 1920 in
890 1859 981 1921 aciem
996 1860 1134 1939 procedit.
1154 1858 1276 1923 Proinde
1292 1879 1353 1936 uos,

375 1984 390 2026 a
411 1963 565 2043 benedicti,
585 1964 784 2045 quodcumque
806 1963 861 2025 boc
882 1962 985 2024 durium
1009 1970 1063 2038 est,
1076 1962 1115 2024 ad
1128 1963 1358 2026 exercitationem

373 2087 389 2128 c
410 2067 546 2130 virtutum
565 2067 653 2129 animi
667 2073 695 2128 et
709 2066 840 2147 corporis
854 2065 998 2146 deputate.
1013 2064 1127 2127 Bonum
1141 2083 1263 2144 agonem
1277 2066 1358 2129 subi-

373 2192 388 2234 a
411 2172 468 2233 turi
489 2172 568 2248 estis,
592 2172 622 2231 in
647 2187 703 2249 quo
729 2170 915 2247 agonothetes
940 2169 1016 2232 Deus
1033 2169 1111 2231 vivus
1136 2176 1190 2245 est,
1207 2170 1357 2250 xystacbus

374 2294 390 2335 ‹
412 2274 534 2354 Spiritus
546 2279 672 2350 sanctuS,
689 2290 793 2335 corona
810 2273 964 2349 aeternitas,
989 2273 1119 2335 brabium
1142 2274 1277 2352 angelice
1289 2274 1357 2336 sub-

372 2397 387 2437 a
411 2375 522 2439 stantiae
535 2375 631 2457 politia
644 2376 674 2437 in
688 2376 777 2452 coelis,
794 2376 885 2454 gloria
900 2376 930 2440 iu
943 2378 1047 2439 saccula
1057 2376 1240 2440 saeculorum.
1256 2376 1355 2458 ltaque

372 2500 387 2541 u
409 2480 541 2561 epistates
556 2486 648 2542 vester
661 2479 744 2541 lesus
763 2478 892 2542 Christus
912 2480 962 2561 qui
980 2499 1029 2543 ros
1047 2480 1150 2560 spiritu
1170 2480 1262 2557 unxit,
1278 2485 1307 2542 et
1319 2481 1356 2542 ad

373 2606 388 2649 c
410 2588 466 2649 boc
485 2605 610 2675 scamma
630 2587 774 2668 produxit,
790 2586 878 2649 voluit
900 2606 950 2649 vos
968 2588 1035 2649 ante
1048 2588 1123 2650 diem
1136 2588 1235 2666 agonis
1251 2588 1288 2651 ad
1300 2588 1356 2651 du-

370 2710 386 2751 «
408 2690 513 2752 riorem
527 2691 723 2753 tractationem
737 2710 753 2753 a
767 2690 903 2753 liberiore
915 2691 1077 2754 conditione
1094 2711 1249 2773 seponere,
1264 2700 1297 2755 ut
1311 2694 1357 2754 ri-

371 2815 387 2856 «
409 2812 457 2858 res
469 2795 724 2858 corroborarentur
732 2794 762 2855 in
776 2794 867 2857 uobis.
878 2794 988 2876 Nempe
1002 2795 1078 2857 enim
1091 2803 1118 2857 et
1132 2796 1247 2859 athletae
1260 2816 1355 2876 segre

370 2898 392 2960 ι’
408 2906 511 2978 gantur
533 2898 568 2961 ad
588 2897 757 2960 strietiorem
784 2897 975 2979 disciplinam,
1005 2905 1035 2959 ut
1062 2898 1159 2961 robori
1183 2898 1349 2961 aedisicando

370 3009 523 3065 cracem:
552 3002 733 3065 continentur
756 3003 772 3062 d
796 3001 920 3079 luxuria,
943 3000 1046 3065 deibis
1069 3001 1237 3080 laetioribus,
1252 3004 1269 3063 a
1284 3009 1352 3085 potu

370 3128 383 3166 a
404 3107 592 3187 jucundiore3
616 3114 768 3185 coguntm·,
792 3105 1150 3184 cruciantur,ialigantur;
1167 3106 1353 3189 quantoplus

370 3230 385 3269 o
408 3210 437 3270 in
452 3209 700 3271 exercitationibus
719 3208 920 3284 laboraverint,
936 3211 1015 3270 tanto
1030 3209 1094 3290 plus
1108 3209 1143 3271 de
1156 3209 1272 3272 victoria
1285 3229 1352 3291 spe-

369 3332 385 3373 c
407 3320 485 3373 rant,
499 3312 535 3372 Et
552 3312 604 3387 illi,
619 3312 712 3392 inquit
735 3313 899 3392 Apostolus,
925 3321 957 3375 ut
981 3331 1116 3375 coronam
1138 3314 1351 3395 corruptibilem

369 3435 385 3475 ι
408 3421 630 3494 consequantur.
655 3414 711 3476 Nos
727 3422 863 3478 aeternam
883 3418 1082 3495 consecuturi,
1106 3436 1250 3480 carcerem
1268 3417 1352 3496 nobis

369 3538 384 3579 u
404 3536 456 3599 pro
470 3518 601 3600 palaestra
617 3519 850 3601 interpretemur,
866 3528 896 3582 ut
910 3521 946 3581 ad
964 3521 1085 3583 stadium
1102 3521 1262 3599 tribunalis,
1277 3522 1351 3585 bene

368 3641 384 3681 ι
406 3622 550 3685 exercitati
563 3622 750 3686 incommodis
764 3622 908 3703 omnibus,
924 3625 1128 3705 producamur.
1147 3644 1163 3685 ›
1177 3625 1258 3703 llein,
1270 3634 1350 3706 post-

366 3727 452 3806 quam
474 3728 564 3789 multa
588 3728 690 3791 mortis
712 3728 887 3809 dolorisque,
912 3728 1011 3806 gloriae
1034 3733 1140 3807 causa,
1164 3728 1199 3791 ab
1223 3729 1350 3793 Etbnieis

366 3835 594 3910 contemptorum
617 3833 784 3895 documenta
805 3830 939 3913 protulit,
962 3832 1023 3894 baec
1043 3832 1136 3896 addit:
1154 3853 1169 3893 a
1186 3832 1215 3896 Si
1238 3839 1347 3896 tantum

368 3953 384 3995 r
406 3941 527 3999 terrenae
542 3935 639 4013 gloria
660 3936 724 3998 licet
746 3938 781 3999 de
806 3937 935 4017 corporis
959 3943 987 3999 et
1008 3937 1095 3998 animi
1118 3938 1226 4016 vigore,
1242 3946 1274 4000 ut
1286 3939 1348 4018 gla-

367 4058 382 4098 a
404 4038 494 4117 dium,
509 4040 616 4119 ignem,
633 4058 758 4117 cruceni,
778 4040 897 4118 bestias,
919 4048 1060 4103 tormenta
1081 4048 1275 4120 contemnant,
1294 4043 1347 4105 sub

341 4222 348 4235 .
367 4159 382 4199 r
404 4142 522 4221 praemio
544 4143 635 4205 laudis
649 4140 794 4221 humanae,
813 4161 929 4223 possum
951 4143 1056 4223 dicere,
1074 4145 1191 4209 modicae
1205 4153 1271 4207 sunt
1284 4146 1346 4209 istae
