3200 5067
364 494 398 544 28
658 491 700 541 bb
716 492 746 553 Q.
764 490 790 539 S.
809 489 836 540 F.
855 488 1073 542 warumundo

367 625 383 665 x
406 604 518 667 efficere
547 621 599 685 per
623 603 774 678 virtutem3
797 618 834 664 ne
860 599 1041 663 solummodb
1070 596 1216 675 erasisset,
1245 599 1344 661 verbm

367 729 383 771 c
403 709 486 771 etiam
502 695 629 771 evicisset
641 706 799 769 inimicum.
815 704 928 767 Amavit
945 703 993 787 qui
1008 708 1157 765 vocaverat
1168 701 1200 763 iu
1211 702 1345 778 salutem,

368 834 383 877 t
405 816 524 880 inuitare
538 822 567 878 et
587 816 623 878 ad
645 815 780 893 gloriam,
805 820 839 875 ut
851 812 1026 890 gaudeamus
1044 808 1168 886 liberati,
1188 809 1347 871 exultemus

368 939 384 981 x
406 920 491 986 etiam
506 918 686 982 coronati...
705 918 795 979 Deum
810 915 960 979 dedecebit
972 920 1051 977 artes
1065 921 1096 977 et
1107 911 1270 993 disciplinas
1283 930 1350 974 suas

368 1041 386 1083 c
406 1040 508 1084 vocare
520 1022 549 1083 in
563 1022 701 1098 medium,
723 1021 752 1081 in
771 1020 826 1082 hoo
846 1018 942 1082 saeculi
961 1017 1097 1099 spatium,
1111 1016 1141 1078 in
1155 1016 1349 1097 spectaculum

369 1143 385 1185 x
407 1123 584 1199 hominibus,
606 1130 635 1185 et
652 1122 771 1201 angelis,
794 1129 825 1184 et
846 1119 985 1184 universis
1005 1118 1212 1201 potestatibus?
1232 1136 1349 1181 carnem

370 1249 386 1291 c
408 1235 493 1310 atque
514 1228 638 1291 animam
658 1227 781 1309 probare
801 1226 837 1289 de
856 1225 1016 1288 constantia
1039 1232 1068 1286 et
1090 1223 1259 1286 tolerantia?
1282 1224 1351 1287 dare

370 1351 387 1393 ‹
407 1331 475 1395 huie
491 1331 628 1414 palmam,
645 1331 713 1394 huic
729 1330 882 1406 honorem,
904 1329 945 1391 illi
960 1328 1114 1404 cintatem,
1133 1327 1175 1390 illi
1187 1327 1349 1409 stipendia?

369 1456 384 1498 ‹
407 1435 481 1510 Quid
494 1454 589 1513 nuuc,
611 1435 635 1500 si
655 1453 713 1497 non
733 1434 896 1496 certaminis
919 1433 1036 1495 nomine
1057 1432 1086 1493 in
1111 1431 1245 1513 martyria
1263 1432 1350 1494 fidem

370 1540 603 1621 «exposuisset,
632 1540 681 1603 sed
705 1546 735 1601 et
758 1538 868 1620 proprii
892 1537 1052 1619 prolectus3
1083 1554 1180 1599 nonne
1203 1536 1352 1617 oportebat

371 1646 486 1709 uillam
504 1645 609 1708 habere
628 1645 752 1725 aliquem
777 1644 838 1725 spei
860 1643 1027 1721 cumulum,
1050 1643 1096 1704 cui
1117 1642 1243 1705 studium
1265 1660 1350 1705 suum

371 1770 386 1811 x
409 1758 534 1829 cogeret,
550 1756 703 1831 uotumque
722 1750 920 1831 suspenderet,
936 1749 993 1828 qud
1013 1747 1170 1810 eniteretur
1183 1746 1350 1821 ascendere,

370 1872 386 1913 o
409 1871 497 1935 quum
513 1860 626 1917 terrena
642 1870 756 1936 quoque
768 1851 861 1915 officia
875 1852 905 1912 in
925 1850 1030 1930 gradus
1050 1850 1193 1913 aestuent?
1208 1848 1310 1927 Porro,
1327 1849 1351 1909 si

370 1976 386 2018 o
409 1963 438 2019 et
452 1958 518 2021 hdei
530 1958 683 2039 propterea
696 1955 871 2035 congruebat
895 1953 1077 2017 sublimitatis
1097 1960 1126 2015 et
1146 1953 1284 2015 claritatis
1297 1952 1351 2015 ali·

370 2079 386 2122 (
408 2079 465 2141 qua
477 2061 611 2142 prolatio,
635 2060 691 2123 tale
711 2059 779 2139 quid
803 2076 867 2121 esse
881 2063 1048 2139 oportuerat
1068 2057 1139 2120 illud
1152 2056 1349 2132 emolumenti,

370 2185 386 2227 u
409 2166 487 2245 quod
503 2182 606 2243 magno
620 2170 774 2239 constaret,
791 2162 901 2240 labore,
916 2161 1062 2239 cruciatu,
1077 2168 1231 2238 tormento,
1246 2166 1349 2223 morte.

371 2286 387 2329 n
409 2266 465 2331 Sed
478 2268 589 2347 respice
602 2266 882 2347 compensationem:
903 2266 969 2327 crim
984 2283 1050 2327 caro
1064 2272 1094 2327 et
1106 2266 1201 2328 anima
1214 2262 1353 2346 dependi·

371 2389 388 2431 u
411 2377 470 2447 tur,
485 2369 588 2451 quibus
601 2369 632 2431 in
644 2370 761 2433 homine
775 2368 869 2431 carius
881 2368 952 2431 nihil
966 2377 1025 2444 est,
1040 2369 1164 2432 alterum
1177 2386 1281 2431 manus
1289 2367 1351 2458 uei,

372 2493 388 2536 o
411 2474 534 2535 alterum
548 2475 647 2550 datus,
662 2473 723 2555 ipsa
745 2472 866 2554 dependi
880 2472 911 2533 in
930 2472 1070 2553 proiectu,
1091 2490 1214 2554 quorum
1228 2478 1272 2534 est
1284 2488 1353 2553 pro-

331 2628 334 2635 ,
373 2597 389 2639 u
412 2576 518 2655 lectus,
536 2578 598 2658 ipse
621 2577 733 2655 erogari
747 2594 815 2667 quae¹
833 2576 1009 2653 lucrificant3
1030 2577 1128 2639 eadem
1143 2576 1235 2658 pretia
1249 2594 1313 2657 que
1325 2582 1355 2637 et

373 2698 388 2741 c
410 2697 531 2743 merces.
542 2679 730 2762 Prospexerat
743 2680 795 2743 has
810 2680 886 2742 lleus
900 2680 1107 2743 imbecillitates
1122 2680 1288 2744 conditionis
1301 2680 1357 2742 hu·

373 2802 388 2845 u
412 2800 515 2862 manee,
539 2784 694 2847 adversarii
717 2784 846 2862 insidias,
870 2803 970 2847 rerum
993 2784 1129 2861 fallacias,
1152 2785 1249 2848 saeculi
1270 2785 1354 2862 retia,
1387 2851 1394 2856 ,

374 2908 389 2951 u
412 2890 497 2953 etiam
516 2897 580 2971 post
599 2892 742 2954 lavacrum
763 2889 989 2973 periclitaturam
1010 2889 1108 2967 fidem,
1132 2891 1275 2971 perituros
1294 2890 1356 2971 ple·

372 3012 388 3056 c
410 3011 515 3075 rosque
536 2996 650 3058 rursum
672 3003 738 3077 post
761 2994 896 3071 salutem,
918 2991 968 3073 qui
993 2992 1126 3055 restitum
1149 2993 1356 3057 obsoletassent

372 3117 388 3158 o
411 3097 579 3177 nuptialem,
595 3098 643 3179 qui
657 3098 756 3159 iaculis
770 3097 866 3159 oleum
881 3114 938 3157 non
956 3102 1175 3176 praeparassent,
1196 3094 1246 3177 qui
1258 3095 1356 3175 requi-

375 3218 391 3259 «
412 3199 494 3261 rendi
509 3218 561 3279 per
574 3208 686 3261 montes
707 3207 735 3261 et
751 3201 852 3277 saltus,
872 3208 901 3262 et
914 3200 1042 3263 humeris
1061 3208 1156 3261 essem
1177 3200 1352 3281 reportandi,

376 3323 391 3365 o
412 3303 510 3366 Posuit
527 3305 613 3383 igitur
626 3308 750 3368 mounda
764 3307 876 3383 solatia,
892 3313 1019 3369 extrema
1033 3308 1176 3388 praesidia,
1193 3306 1355 3369 dimicatio-

376 3426 392 3470 u
414 3426 480 3471 nem
495 3410 621 3492 martyrii
635 3418 664 3472 et
676 3411 820 3474 lavacrum
833 3412 981 3491 sanguinis
991 3412 1093 3475 exinde
1107 3429 1293 3474 securum...
1309 3410 1355 3474 Sic

376 3532 391 3573 o
414 3512 527 3575 dileetio
541 3512 633 3595 operit
646 3514 856 3579 multitudinem
871 3515 1053 3591 delictorum,
1069 3533 1133 3595 quae
1143 3514 1235 3577 Deum
1249 3514 1358 3576 scilieet

376 3636 392 3677 x
414 3616 545 3695 diligens,
561 3635 595 3679 ex
609 3617 675 3679 totis
688 3616 795 3681 uiribus
809 3620 880 3698 suis,
895 3620 999 3700 quibus
1023 3619 1052 3680 in
1068 3619 1203 3699 martyrio
1217 3619 1355 3695 decertat,

315 3712 321 3721 ’
377 3737 392 3779 u
415 3736 449 3779 ex
463 3721 521 3781 tota
535 3720 636 3793 anima,
651 3723 714 3799 sud,
729 3739 814 3803 quam
830 3740 882 3803 pro
903 3722 961 3784 Deo
982 3722 1073 3803 ponit,
1089 3721 1235 3784 hominem
1248 3727 1356 3801 marty-

377 3842 392 3884 «
414 3840 476 3885 rem
488 3824 609 3888 excudit.
625 3825 694 3889 Haec
707 3834 738 3889 tu
750 3828 888 3905 remedia,
904 3828 1032 3904 consilia,
1046 3826 1165 3907 judicia,
1180 3825 1354 3908 spectacula,

376 3946 392 3988 o
413 3926 498 3989 etiarn
513 3926 562 3990 bei
578 3929 755 3995 atrocitatem
767 3930 930 4011 judicabis?
951 3930 1124 4009 Sanguinem
1142 3929 1266 3993 hominis
1279 3929 1355 3991 Deus
1390 4003 1395 4006 v

376 4051 391 4089 u
414 4032 607 4113 concupiscit?
625 4034 660 4096 Et
681 4041 776 4097 lamen
796 4036 888 4098 ausim
909 4035 1015 4112 dicere,
1037 4034 1062 4096 si
1083 4043 1113 4097 et
1130 4035 1217 4097 horno
1231 4050 1353 4113 regnum

377 4155 392 4199 c
414 4136 475 4213 Dei,
489 4137 514 4199 si
529 4145 564 4223 et
570 4138 656 4208 homo
671 4146 778 4201 certam
795 4140 962 4217 salutem,si
971 4141 1093 4202 ethome
1109 4138 1263 4202 secundam
1272 4154 1354 4215 rege·
