3200 5067
380 444 413 496 20
658 439 698 491 DE
716 442 745 503 Q.
764 441 789 491 S.
809 440 838 491 F.
855 439 1075 492 reuwtttuuo

382 576 398 619 c
418 563 449 619 et
456 553 619 617 clarissimis
628 553 752 617 lucernis
761 552 898 617 vestibula
905 551 1136 616 nebulabantt.;.
1147 568 1207 613 non
1217 557 1249 611 ut
1261 550 1364 629 gaudia

382 682 397 723 a
420 660 532 744 publica
552 659 739 736 celebrarent,
765 658 816 720 sed
837 664 871 720 ut
887 665 951 720 rota
972 654 1088 739 propria
1097 657 1160 737 jam
1176 653 1363 719 edicerentin

383 789 398 829 c
421 767 513 829 aliena
527 764 719 828 solemnitate.

421 890 437 931 c
459 869 576 945 Quoties
591 870 620 930 in
635 866 810 932 Christianos
824 869 974 946 deseritis,
989 868 1092 951 partim
1111 868 1214 931 animis
1229 868 1363 951 propriis,

382 995 397 1037 a
419 974 522 1057 partim
535 970 645 1051 legibus
657 972 846 1054 obsequentes
856 974 905 1035 l...
928 972 1002 1048 Quid
1016 979 1113 1035 tamen
1124 975 1261 1055 umquam
1275 975 1366 1038 deno·

383 1100 398 1141 c
418 1078 497 1141 tastis
515 1078 551 1140 de
566 1084 624 1139 um
643 1078 824 1159 conspiratis,
839 1078 876 1141 de
893 1078 955 1146 tam¹
971 1078 1104 1142 animatis
1118 1079 1152 1142 ad
1172 1087 1296 1143 mortem
1315 1098 1366 1143 us-

383 1203 400 1243 «
422 1193 557 1263 que,'pro
571 1180 675 1262 injuria
690 1182 897 1262 repensatum?
911 1182 1026 1263 quandb
1038 1182 1083 1244 rel
1096 1200 1154 1245 una
1167 1201 1223 1244 uox
1235 1184 1366 1265 pauculis

384 1306 399 1347 a
424 1286 521 1350 iaculis
534 1284 650 1364 largiter
665 1284 780 1347 ultionis
794 1293 891 1367 posset
904 1286 1030 1367 operari,
1045 1284 1072 1348 si
1094 1286 1202 1349 malum
1216 1286 1292 1350 malo
1306 1288 1366 1349 dis·

383 1412 398 1453 a
420 1389 508 1474 pungi
522 1407 609 1472 penes
620 1407 674 1452 nos
687 1389 796 1453 liceret.
809 1390 867 1454 Sed
875 1390 948 1454 absit
961 1397 993 1453 ut
1006 1397 1056 1453 aut
1067 1390 1126 1470 igni
1134 1392 1261 1453 humano
1273 1390 1367 1455 (lirina

383 1517 399 1559 c
421 1501 497 1558 secta
510 1494 680 1572 vindicetur,
702 1500 751 1557 aut
765 1494 861 1558 doleat
879 1496 938 1578 pati
952 1496 983 1557 in
1003 1514 1061 1578 quo
1076 1494 1279 1578 probaton...
1293 1492 1367 1556 llas-

383 1620 398 1661 «
420 1598 494 1661 terni
515 1616 625 1677 sumus,
639 1606 670 1661 et
684 1605 775 1662 uestra
794 1600 891 1662 omnia
910 1600 1102 1681 implevimus,
1124 1598 1223 1676 urbes,
1246 1598 1365 1676 insulas,

385 1723 400 1764 o
422 1700 551 1778 castella,
567 1702 733 1783 municipia,
748 1702 946 1781 conciliabula,
964 1710 1057 1766 castra
1071 1703 1145 1785 ipsa,
1159 1702 1264 1779 tribus,
1278 1700 1367 1764 decu-

385 1827 400 1868 «
422 1806 490 1883 riae,
517 1804 666 1888 palatium,
688 1811 831 1884 senatum,
855 1805 973 1869 lorum:
1000 1804 1061 1869 sola
1083 1806 1163 1869 robis
1177 1805 1367 1886 relinquimus

385 1930 400 1970 c
421 1909 539 1991 templa.
559 1908 610 1971 Cui
622 1908 698 1972 bello
712 1927 770 1971 non
781 1908 888 1985 idonei,
901 1926 959 1971 nou
972 1909 1096 1990 memmi
1105 1910 1268 1988 fuissemus,
1281 1910 1367 1973 etiam

386 2034 401 2075 a
423 2014 548 2094 impares
571 2009 671 2091 copiis,
695 2010 744 2091 qui
758 2017 815 2072 tam
834 2009 957 2071 libenter
978 2010 1167 2089 trucidamur,
1182 2012 1206 2074 si
1220 2030 1279 2075 non
1291 2012 1368 2093 apud

386 2140 401 2179 <c
423 2119 504 2179 istam
518 2114 695 2195 disciplinam
717 2112 809 2191 magis
824 2113 914 2175 occidi
927 2113 1027 2177 liceret
1045 2116 1132 2196 quam
1147 2114 1296 2177 occideret
1310 2113 1368 2177 Po-

386 2243 402 2282 «
424 2220 532 2281 luimus
545 2224 575 2279 et
586 2217 721 2294 inermes,
731 2217 928 2295 necrebelles,
938 2219 989 2281 sed
1001 2217 1200 2281 tantummodi
1212 2217 1369 2294 discordes,

387 2345 402 2386 a
424 2323 512 2387 solius
526 2321 637 2385 divortii
649 2321 751 2385 inridit
765 2322 901 2386 aduersus
913 2342 964 2385 vos
977 2323 1137 2401 dimicasse.
1152 2322 1182 2385 Si
1196 2322 1272 2385 enim
1291 2330 1370 2385 mum

388 2448 403 2489 a
426 2428 465 2490 vis
489 2426 637 2489 hominum
652 2426 681 2487 in
694 2426 819 2508 aliquem
835 2426 912 2489 orbis
932 2427 1034 2489 remoti
1050 2426 1143 2488 sinum
1158 2424 1370 2507 abrupissemus

388 2552 403 2592 c
425 2532 441 2592 d
465 2529 555 2606 robis,
571 2528 734 2591 suffudisset
748 2530 848 2610 utique
860 2529 1084 2592 dominationem
1100 2537 1224 2593 vestram
1241 2536 1285 2592 tot
1296 2550 1371 2613 qua-

387 2654 402 2695 u
424 2634 620 2714 liumeumqne
640 2632 754 2695 amissio
773 2632 889 2709 civium,
911 2632 971 2695 imb
985 2640 1014 2696 et
1027 2632 1088 2714 ipsa
1109 2633 1293 2696 destitutione
1314 2647 1371 2715 pu-

389 2758 404 2799 «
427 2738 532 2799 nisset:
557 2736 657 2818 procul
678 2735 764 2799 dubio
787 2736 968 2819 expavissetis
986 2735 1023 2797 ad
1037 2736 1220 2801 solitudinem
1233 2744 1369 2813 uestram,

389 2866 404 2905 e
426 2843 462 2906 ad
483 2842 627 2907 silentium
649 2858 759 2919 rerum,
780 2850 809 2903 et
831 2848 977 2921 stuporem
995 2841 1147 2921 quemdam
1171 2843 1252 2924 quasi
1265 2842 1371 2904 mortui

346 3008 347 3013 ,
389 2968 405 3009 u
427 2946 505 3010 orbis
509 2992 571 3009 .....

429 3072 444 3112 u
466 3051 555 3114 Edam
569 3051 629 3131 iam
644 3068 721 3113 nunc
733 3068 785 3127 ego
799 3049 913 3128 negotia
930 3049 1090 3112 cmbtianae
1103 3048 1232 3112 factionis
1245 3068 1252 3110 :
1267 3066 1372 3129 corpus

388 3172 526 3233 «sumus
548 3153 583 3215 de
604 3153 776 3216 conscientia
796 3152 951 3231 religionis,
976 3159 1005 3215 et
1029 3152 1185 3234 disciplinae
1208 3152 1327 3229 unitate,
1342 3160 1373 3213 et

388 3277 402 3315 o
425 3254 486 3335 spei
501 3254 617 3317 foedere.
632 3238 749 3317 Coimus
763 3255 799 3317 ad
815 3255 917 3333 Deunu
933 3256 1025 3337 quasi,
1036 3274 1124 3317 manu
1136 3256 1223 3333 iacta,
1237 3254 1372 3337 precibus

389 3380 403 3419 a
426 3358 598 3421 ambiamus.
617 3357 685 3421 Haec
699 3358 741 3421 vis
757 3358 817 3421 Deo
837 3368 916 3438 grata
935 3368 990 3423 est.
1005 3360 1129 3423 Oramus
1149 3359 1234 3422 etiam
1248 3378 1301 3439 pro
1315 3360 1372 3421 im-

390 3482 404 3522 e
426 3460 615 3543 potatoribus,
631 3478 682 3543 pro
698 3464 837 3526 ministris
846 3482 959 3543 eorum,
969 3484 1004 3527 uc
1014 3464 1215 3546 potestatibus,
1229 3481 1282 3545 pro
1295 3469 1371 3525 statu

389 3586 404 3627 c
426 3564 533 3643 saculi,
549 3583 602 3647 pro
617 3584 713 3629 rerum
731 3566 836 3648 quiete,
852 3586 905 3649 pro
919 3571 999 3630 mora
1014 3568 1089 3631 linis.
1105 3566 1220 3631 Coimus
1234 3568 1271 3631 ad
1292 3566 1373 3628 litte-

388 3692 403 3731 e
425 3690 524 3734 rarum
546 3672 705 3735 diuinarum
729 3673 1053 3752 commemorationem,
1069 3671 1174 3753 siquid
1189 3672 1373 3753 praesentium

390 3794 405 3833 c
428 3781 589 3855 temporum
602 3774 722 3856 qualitas
737 3779 785 3836 aut
795 3792 972 3856 praemonere
983 3774 1069 3853 cogit,
1083 3783 1134 3838 aut
1144 3793 1371 3856 recognoscere:

390 3898 405 3938 e
428 3879 505 3940 certe
520 3879 605 3941 fidem
624 3880 731 3943 sanctis
754 3879 871 3943 vocibus
884 3880 1039 3962 pascimus,
1055 3898 1137 3962 spem
1150 3880 1297 3959 erigimus,
1313 3879 1373 3942 dis-

389 4004 404 4044 (
427 3984 559 4065 ciplinam
588 3992 797 4066 praeceptorum
818 3984 1055 4050 inculcationibus
1076 3986 1242 4048 densamus.
1263 3985 1372 4048 Ibidem

389 4106 404 4146 c
427 4087 512 4149 etiam
528 4075 749 4168 exhortationes,
772 4088 982 4167 castigationes,
998 4095 1027 4152 et
1041 4107 1162 4152 censura
1178 4088 1282 4153 divim.
1300 4087 1374 4151 Nem
