3200 5067
316 494 365 545 aaa
597 490 638 546 ns
655 495 685 558 o.
703 495 730 544 s.
749 495 777 544 r.
793 494 1011 548 rsarummuo

316 607 402 669 nimia
416 625 550 689 pronum,
566 606 681 690 insuper
694 608 747 672 sub
765 609 829 673 vitae
844 611 901 673 dne
920 609 1045 674 Montani
1057 609 1205 673 severitate
1216 629 1284 695 eap-

316 718 388 790 tum,
413 713 441 775 in
456 714 608 776 sententias
623 713 693 778 adeb
712 713 796 776 duras
810 713 936 792 adduxit,
951 721 984 778 ut
996 713 1160 778 Christianis
1173 715 1204 777 iu
1217 716 1287 780 ciri-

316 817 419 880 tatibus
435 819 553 898 degendi
566 837 680 882 omnem
693 819 804 882 auferat
814 819 986 882 facultatem.

355 922 396 985 lix
409 923 545 1005 Septimio
552 925 612 1006 jam
626 924 771 1001 baeretico,
784 932 814 986 et
824 924 1037 1008 inexpiabilibus
1048 924 1121 988 odiis
1132 925 1288 988 Ecclesiam

315 1030 456 1110 quondam
471 1049 550 1092 suam
562 1038 763 1113 prosequente,
778 1031 819 1093 nil
830 1031 914 1095 nobis
924 1031 1112 1094 hauriendum
1125 1032 1216 1094 rmum
1230 1038 1287 1108 est,

314 1136 584 1213 praetermiseram
598 1135 857 1198 humanalevitads
866 1136 1047 1216 documenta,
1059 1156 1145 1220 quam
1156 1138 1192 1200 de
1202 1144 1287 1220 portu

315 1238 343 1299 in
366 1238 453 1300 altum
479 1240 524 1302 vel
548 1239 664 1302 minima
689 1240 788 1302 aurula
815 1241 968 1304 immittat:
993 1243 1068 1306 unde
1082 1242 1288 1324 spectatissimo

315 1341 416 1422 cuique
429 1342 641 1423 diligentissime
654 1343 810 1406 cavendum
820 1363 858 1407 ne
868 1344 954 1408 ullius
964 1365 1057 1429 prarae
1066 1345 1226 1428 cupiditatis
1235 1347 1288 1408 ba·

313 1446 366 1508 litu
387 1447 533 1529 speculum
561 1449 630 1512 illud
657 1448 781 1512 serimtis
803 1450 948 1514 obscumri
974 1452 1113 1534 patiatur,
1134 1470 1190 1532 quo
1211 1451 1289 1514 Deus

314 1553 467 1616 humanam
486 1555 610 1618 animam
626 1556 733 1619 donare
749 1557 947 1637 dignatusest,
962 1555 1152 1636 neverigilias
1170 1554 1287 1618 bumili-

315 1659 389 1736 tatis,
405 1661 528 1724 soientise
541 1661 698 1724 divinarum
713 1680 813 1725 rerum
826 1663 939 1726 tuendae
957 1662 1134 1745 aptissimas,
1151 1660 1286 1724 remittat.

354 1764 422 1828 Haec
435 1766 532 1847 paucis
545 1767 795 1849 comprehendisse
811 1767 879 1830 satis
891 1775 977 1843 emet,
993 1767 1018 1830 si
1031 1767 1101 1830 nibil
1116 1765 1193 1829 aliud
1206 1785 1289 1848 spec-

315 1874 440 1931 taremus
459 1873 543 1950 quam
563 1871 598 1932 de
614 1870 743 1952 Septimii
757 1869 967 1948 conmoaersiis,
988 1870 1018 1931 in
1030 1877 1138 1932 certum
1153 1868 1289 1931 doctrinm

315 1992 419 2054 corpus
437 1977 551 2053 coactis,
572 1977 693 2041 liberum
707 1976 783 2039 ferre
800 1976 952 2058 judicium,
966 1982 995 2037 et
1008 1976 1094 2057 hujus
1110 1973 1237 2055 opusculi
1252 1972 1290 2053 (si

315 2077 364 2158 qui
384 2078 502 2159 fuerint)
525 2079 677 2143 lectoribus
699 2087 831 2142 auctores
852 2098 914 2142 esse
937 2087 969 2142 ut
989 2078 1156 2160 Septimium
1179 2076 1290 2159 plenibs

316 2199 486 2259 cognoscere
507 2184 605 2247 velint.
626 2184 731 2247 Verum
747 2187 813 2247 cum
826 2185 920 2263 nobis,
935 2192 968 2247 ut
980 2183 1157 2247 exordientes
1170 2182 1290 2266 professi

316 2303 425 2364 sumus,
443 2290 619 2370 propositum
633 2290 735 2367 luerit,
751 2290 780 2350 in
794 2289 945 2371 Septimio,
961 2307 1019 2352 non
1033 2289 1126 2371 ipsum
1140 2287 1232 2366 maps
1244 2287 1290 2348 in-

317 2393 389 2454 tueri
411 2392 592 2475 Septimium,
615 2398 699 2476 qnam
723 2397 813 2476 illam,
835 2397 881 2458 cui
898 2403 941 2459 tot
952 2393 1065 2476 scriptis
1083 2392 1220 2469 inserviit,
1234 2391 1290 2454 lic·

317 2495 443 2575 clesiam,
465 2497 532 2561 illuc
552 2498 628 2563 unde
647 2520 747 2563 sumus
766 2501 884 2584 profecti
900 2503 962 2583 jam
982 2517 1130 2562 censemus
1143 2507 1290 2561 reverten-

317 2602 397 2678 dum,
417 2611 448 2666 ut
466 2623 516 2685 per
535 2606 593 2667 tim
608 2606 717 2669 clarum
731 2613 827 2689 pateat
838 2606 1012 2688 exemplum,
1033 2613 1102 2686 quot
1113 2610 1290 2687 quantasque

317 2705 449 2769 utilitates
468 2709 598 2771 humanis
619 2727 676 2772 non
699 2710 827 2773 moribus
848 2710 970 2787 malurn,
995 2709 1149 2772 sedetiam
1170 2707 1291 2787 ingeniis

318 2809 468 2873 christiana
489 2812 636 2894 disciplina
651 2814 787 2877 conferat.

358 2917 387 2981 Si
407 2919 482 2980 enim
503 2915 644 2982 infelicem
659 2919 782 2981 bominis
805 2919 910 2981 exitum
924 2918 1117 3000 respidentes,
1132 2937 1195 2998 quae
1207 2916 1291 2980 fuerit

318 3023 381 3102 ejus
401 3022 509 3086 indoles
530 3024 730 3102 recogitemus,
752 3024 820 3086 satis
839 3023 1024 3105 probabiliter
1042 3023 1182 3105 conjicere
1197 3022 1293 3086 licebit

318 3130 431 3210 qualem
446 3130 570 3193 babituri
583 3131 733 3193 fuissemus
746 3129 927 3211 Septimium,
943 3130 978 3208 si,
991 3130 1065 3192 inter
1078 3130 1203 3192 ethnicas
1216 3137 1292 3191 artes

319 3236 463 3314 educatus,
477 3236 619 3316 Evangelii
630 3237 737 3298 lumine
746 3254 797 3318 per
808 3243 895 3298 totam
907 3243 1020 3299 atatem
1029 3235 1174 3298 caruisset.
1185 3233 1291 3311 llurus,

319 3350 347 3404 et
360 3342 491 3419 acerbus,
509 3351 539 3405 et
552 3343 734 3405 imbecillitati
754 3343 897 3422 humanae,
912 3345 978 3406 edm
999 3343 1034 3406 de
1047 3342 1175 3406 moribus
1187 3331 1290 3420 agitur,

320 3447 388 3508 nibil
404 3434 572 3524 concedens,
587 3450 616 3509 in
630 3447 797 3531 disputando
808 3448 918 3511 subtilis
932 3447 1130 3524 etrebemenS,
1145 3445 1183 3508 ita
1197 3451 1293 3507 mmen

321 3559 351 3615 ut
364 3553 467 3615 mentis
481 3553 570 3616 aciem
585 3555 690 3617 temoni
705 3555 784 3635 quasi
802 3573 903 3617 sensus
915 3555 1094 3632 hebetarent,
1115 3552 1292 3632 liberumque

319 3662 464 3724 tardarent
486 3658 521 3721 ad
544 3659 635 3721 divina
657 3667 686 3721 et
707 3657 873 3740 incorporea
893 3659 1034 3735 volatum,
1055 3657 1115 3739 ipsa
1137 3657 1237 3718 natura
1255 3653 1291 3716 ad

320 3765 532 3847 amplexandam
547 3763 705 3829 Stoicorum
719 3761 907 3843 disciplinam,
917 3762 1030 3842 ingenio
1042 3780 1093 3824 suo
1106 3759 1289 3834 simillimam,

320 3869 429 3932 videtur
449 3868 534 3930 fuisse
554 3869 703 3931 formatus.
726 3866 929 3929 Habuissemus
949 3867 1035 3945 igitur
1051 3864 1177 3926 Africum
1191 3879 1293 3942 quem-

321 3973 384 4034 dam
399 3972 554 4053 Epictetum
569 3979 618 4034 aut
631 3971 778 4049 Senecam,
793 3970 853 4052 qui,
865 3968 1019 4051 splendidis
1032 3973 1129 4030 stolcae
1141 3964 1294 4047 discipline

322 4079 474 4142 mendaciis
498 4078 581 4140 dmm
601 4077 731 4158 viresque
750 4076 931 4163 impendens,
953 4073 1049 4137 multis
1062 4072 1152 4150 libris,
1166 4071 1294 4132 daleam

322 4185 357 4244 ud
375 4186 447 4246 beati
467 4185 608 4246 nuendum
627 4205 654 4246 se
667 4185 726 4264 ipsd
744 4203 803 4244 cesc-
817 4188 978 4252 contentam,
1006 4179 1125 4242 dolorem
1142 4177 1224 4241 malis
1237 4195 1293 4239 nen
