3200 5067
300 471 303 478 Δ
375 469 381 476 .
479 509 663 562 orusunnun
680 494 951 564 inruosornrcutr.
1174 511 1207 564 m

227 622 342 704 opinor,
363 639 457 708 noque
477 621 618 684 Creatoris
640 631 763 685 mentem
786 621 871 684 altids
890 629 1032 686 mumius
1047 631 1101 701 ost,
1115 640 1208 706 neque

227 723 395 806 praeclaram
419 721 497 788 iliam
511 726 669 788 doctrinam
689 725 781 788 verbis
797 726 1036 807 splendidioribus
1049 728 1205 808 expressit:

267 841 283 890 a·
299 829 395 890 Prima
409 813 520 893 bofiitas
530 830 682 908 Creatoris,
698 834 754 912 qut
765 849 796 892 se
810 831 888 894 Deus
900 831 990 892 noluit
1000 829 1028 891 in
1039 837 1208 911 perpetuum

227 949 243 992 c
265 931 367 1010 latero,
387 931 417 994 id
441 940 485 995 est
504 951 562 996 non
579 951 641 996 esse
661 932 767 1016 aliquid
781 935 828 996 cui
842 931 959 997 Creator
979 941 1208 1012 cognosceretur.

226 1052 243 1095 ι
265 1034 338 1108 Quid
353 1036 428 1098 enim
442 1043 501 1098 tom
516 1028 636 1115 bonum,
654 1039 739 1119 quim
758 1038 857 1099 notitia
871 1043 901 1100 et
915 1038 1027 1100 ductus
1040 1037 1114 1100 llei‘l
1128 1053 1207 1115 nam,

224 1157 239 1198 a
263 1137 316 1200 etsi
330 1139 456 1218 nonddm
468 1141 623 1222 apparebat
635 1140 809 1203 hocbonum
822 1157 896 1218 esse,
915 1140 982 1222 quia
1000 1141 1126 1203 nonddm
1145 1149 1209 1203 erat

225 1261 241 1301 o
262 1241 419 1323 quidquam
442 1243 487 1306 cui
511 1251 678 1326 apparerem
701 1244 752 1306 sed
772 1244 848 1305 Deus
869 1243 1036 1324 presciebat
1049 1244 1119 1325 quid
1139 1244 1208 1306 boni

223 1364 239 1406 o
263 1347 458 1428 appariturum
475 1355 560 1427 asset,
576 1355 605 1410 et
620 1349 684 1410 idad
698 1349 821 1410 insuam
838 1363 981 1409 summam
997 1347 1141 1409 commisit
1153 1347 1207 1410 bo-

147 1447 151 1454 '
224 1467 240 1508 c
263 1447 391 1526 nitatem,
408 1449 565 1532 apparituri
582 1451 650 1513 boni
674 1452 927 1529 negotiatricem...
946 1449 1018 1512 Cdm
1033 1441 1120 1528 igitur
1136 1470 1205 1531 ocg-

223 1569 240 1611 (
262 1553 405 1614 noscendo
427 1553 485 1634 Deo
510 1555 701 1635 prospexisset
718 1554 866 1616 hominem
891 1553 1003 1614 bonitas
1023 1549 1073 1614 Dei
1096 1553 1204 1634 ipsius,

221 1672 238 1712 r
262 1654 348 1715 etiam
361 1655 417 1724 hoc
430 1656 574 1736 praeconio
589 1675 641 1718 suo
655 1655 762 1718 addidit
776 1656 854 1737 quod
867 1655 948 1736 priris
959 1657 1135 1718 domicilium
1149 1657 1206 1720 ho·

220 1775 238 1818 a
259 1757 334 1839 mini
346 1765 536 1820 commentata
550 1765 630 1820 est...
645 1759 766 1821 Mundus
781 1776 816 1820 ex
828 1755 961 1820 omnibus
972 1759 1056 1821 bonis
1067 1760 1204 1835 constitit,
1240 1815 1245 1820 .

221 1877 238 1920 a
260 1859 328 1920 satis
342 1868 565 1941 praemonstrans
579 1867 717 1943 quantum
731 1861 799 1923 boni
823 1867 973 1942 pararetur
994 1861 1036 1923 illi
1056 1862 1102 1922 eui
1120 1879 1205 1943 para-

220 1983 237 2023 c
258 1962 344 2024 batur
366 1963 421 2025 hoc
436 1970 539 2026 toturn.
561 1964 629 2039 Quis
649 1965 771 2044 denique
781 1962 887 2044 dignus
901 1965 1026 2027 incolere
1040 1966 1091 2027 Dei
1105 1982 1203 2047 opera,

219 2084 236 2126 s
259 2067 344 2144 quam
359 2065 449 2147 ipsius
462 2065 556 2160 imago
576 2075 605 2129 et
617 2068 798 2132 similitudo?
819 2068 890 2130 Eam
911 2086 1025 2150 quoquc
1040 2069 1161 2146 ionitae,
1176 2078 1206 2132 ct

221 2187 237 2228 r
258 2169 372 2249 quidem
387 2170 564 2250 operantior,
587 2178 703 2252 operata
724 2180 779 2250 est,
795 2189 853 2233 non
874 2171 1016 2253 imperiali
1038 2172 1137 2251 aerbo,
1153 2174 1204 2236 sed

220 2287 236 2330 c
257 2270 389 2334 familiari
413 2289 539 2338 manu...
559 2275 677 2338 Bonitas
695 2275 802 2338 insssrit
815 2275 952 2353 animam,
969 2294 1028 2337 nou
1045 2259 1210 2356 mortuam,

220 2392 236 2435 c
257 2375 308 2438 sed
324 2376 427 2438 viram.
450 2375 567 2440 Bonitas
585 2378 712 2460 praefecit
732 2379 870 2441 universis
889 2379 1017 2442 fruendis
1035 2387 1120 2461 atquc
1135 2385 1203 2459 reg·

220 2496 235 2540 r
257 2481 367 2558 nandis,
390 2481 476 2545 etiam
493 2484 737 2572 cognominandis
753 2483 868 2554 Bonitas
882 2485 1005 2566 amplids
1021 2483 1136 2547 delicias
1149 2485 1202 2548 ad·
1244 2561 1249 2570 ¹

114 2659 118 2662 ,
219 2584 319 2664 (jecit
341 2585 469 2666 homini,
494 2582 737 2670 ut,'quamquam
759 2589 845 2650 totius
869 2588 947 2651 orbis
971 2589 1148 2670 presidens,
1171 2589 1200 2650 in

218 2705 233 2746 a
255 2687 458 2750 amoenioribus
473 2695 646 2765 moraretur,
661 2691 813 2752 translatus
827 2691 856 2772 ip
871 2691 1045 2772 paradisum,
1058 2694 1119 2772 Jam
1132 2698 1201 2754 tuno

217 2787 290 2852 cde
317 2791 425 2854 mundo
453 2792 482 2853 in
511 2791 681 2856 Ecclesiam.
705 2793 812 2856 Eadem
835 2793 948 2856 bonius
971 2800 1000 2855 et
1024 2793 1199 2874 adjutorium

216 2912 231 2952 t
254 2893 412 2976 prospexit,
428 2911 465 2958 ne
479 2895 547 2976 quid
560 2913 616 2958 non
631 2896 717 2958 boni:
734 2897 797 2961 Non
809 2904 856 2966 est,
871 2897 960 2974 enim,
972 2898 1076 2978 inquit,
1087 2898 1194 2967 iontem,

215 3013 231 3058 t
253 2998 459 3062 laminensem
478 3001 576 3061 solum.
600 2999 712 3064 Sciebat
732 3002 773 3063 illi
793 3020 893 3064 sexum
909 3001 1004 3064 nane
1017 3009 1046 3065 et
1062 3001 1196 3083 deinceps

215 3118 232 3161 ι
255 3101 389 3166 Ecclesiae
411 3104 603 3186 profuturum.
627 3105 681 3168 Sed
695 3111 824 3187 etquam
839 3106 936 3185 arguis
958 3106 1063 3185 legem,
1086 3105 1198 3168 bonitas

214 3222 231 3265 ι
253 3207 388 3285 erogarit,
406 3209 557 3270 consulens
567 3208 676 3270 homini
690 3227 747 3289 quo
756 3209 816 3271 Deo
830 3191 1001 3286 adhereret,
1013 3229 1051 3271 ne
1063 3227 1123 3270 non
1137 3211 1196 3271 tam

215 3329 232 3369 a
253 3310 325 3372 liber
347 3314 432 3392 quim
449 3312 577 3393 abjectus
592 3314 748 3391 rideretur,
763 3313 919 3394 equandus
937 3315 1052 3376 famulis
1067 3315 1125 3376 suis
1139 3333 1196 3378 cae·

214 3435 227 3474 r
252 3417 515 3498 terisanimallbns,
532 3417 633 3480 solutis
653 3419 741 3482 allec
756 3425 784 3481 et
797 3437 833 3481 ex
845 3419 958 3482 'fastidio
972 3418 1084 3497 liberis,
1099 3420 1149 3483 sed
1164 3428 1196 3484 ut

215 3538 230 3578 t
251 3519 328 3581 solus
342 3521 428 3582 homo
443 3521 624 3600 gloriaretur,
638 3521 715 3603 qnod
729 3522 807 3585 solus
816 3521 918 3601 dignus
931 3523 1031 3586 inisset
1043 3523 1092 3602 qni
1101 3523 1194 3601 legem

214 3639 228 3680 a
251 3622 339 3685 dilen
353 3631 496 3702 sumerct3
511 3632 598 3705 utque
612 3625 716 3687 animal
726 3625 877 3702 rationale,
887 3624 1048 3687 intellectus
1062 3631 1090 3684 et
1100 3624 1194 3684 scien-

213 3743 228 3784 «
249 3725 297 3788 tie
310 3745 409 3808 capax,
425 3727 486 3808 ipsd
501 3727 630 3791 libertate
643 3730 773 3792 rationali
788 3729 993 3803 contineretur,
1009 3726 1036 3787 ei
1047 3725 1193 3805 subjectus

212 3847 226 3884 r
249 3829 297 3908 qui
317 3826 358 3892 illi
378 3830 539 3912 subjecerat
560 3834 667 3895 omniu.
686 3830 892 3909 Benignissime
905 3829 975 3890 item
989 3829 1193 3891 demonstrarit

212 3949 227 3990 t
249 3935 479 4013 transgressionis
494 3935 611 4012 exitum,
635 3954 671 3997 ne
685 3933 844 4012 ignorantia
857 3931 976 4011 periculi
991 3930 1190 4008 negligentiam

213 4053 227 4094 r
246 4037 359 4116 juvaret
372 4040 538 4123 obsequii...

251 4161 266 4203 r
288 4143 362 4207 Hinc
376 4149 435 4226 jam
461 4145 497 4209 ad
520 4145 689 4226 quaestiones
709 4159 819 4205 omnes.
843 4141 867 4204 0
889 4159 992 4219 canes,
1018 4157 1089 4221 quos
1111 4139 1189 4200 ieras
