3200 5067
371 472 392 527 b
525 474 710 528 OPUSGULUM
727 474 989 527 ruttosorutctttt.
1210 478 1243 527 33

262 592 374 667 cordos,
390 607 444 653 aec
457 589 609 652 fabricator
619 588 708 664 solus,
725 586 777 649 sed
790 586 875 649 otiam
890 588 1062 668 templorum
1079 595 1241 651 exornator.

263 695 368 776 Siquis
383 694 583 757 necessitatem
601 692 693 755 victus
715 691 882 773 praetendat,
896 692 921 753 is
933 710 966 753 se
982 692 1043 772 ipse
1057 692 1155 754 volens
1169 693 1245 755 deci·

265 798 324 878 pit:
341 804 412 877 quot
425 796 502 859 enim
522 803 552 859 ct
573 804 679 877 quanta
695 796 775 858 labor
798 814 852 857 suo
868 794 989 857 artificio
1006 792 1122 857 efficere
1140 803 1244 875 potest,

265 921 316 984 per
330 921 394 984 qum
405 902 467 965 siae
485 900 691 964 exorbitatione
709 898 876 979 disciplinae,
897 898 926 960 id
944 904 1000 974 est,-
1016 897 1078 959 sine
1095 898 1163 961 idoli
1176 917 1247 962 aon-

264 1004 456 1082 fictura,*vitaa
476 1003 691 1073 necessitatibus
712 1002 853 1079 consulat,
868 1003 935 1063 edm
956 1019 1015 1063 non
1036 1020 1085 1063 ars
1104 1002 1177 1084 ipsa,
1197 1004 1248 1065 sed

264 1130 334 1173 usus
348 1110 451 1173 meritd
464 1110 614 1191 culpetur:
631 1110 688 1189 qud
708 1107 799 1186 magis
817 1107 1032 1188 praecavendum
1051 1114 1096 1169 est
1112 1126 1150 1170 ne
1166 1108 1246 1189 quid,

264 1214 345 1283 nobis
359 1214 490 1291 consciis,
503 1214 519 1273 d
533 1211 665 1275 manibus
680 1212 784 1274 nostris
797 1212 828 1273 in
841 1231 903 1275 rem
918 1212 1061 1275 idolorum
1075 1212 1245 1293 postuletur.

264 1318 406 1407 Praeterea
426 1320 492 1381 sard
506 1318 583 1380 venit
596 1324 654 1379 tota
669 1317 730 1379 baec
745 1316 781 1379 de
797 1318 872 1380 victu
885 1317 1063 1381 sollicitudo:
1078 1317 1173 1381 Stator
1184 1319 1249 1399 fidei

253 1442 321 1483 noo
330 1421 450 1483 admittit
462 1410 651 1492 necessitates:
666 1421 732 1483 ante
746 1422 799 1485 luit
818 1422 1033 1486 deliberandum
1050 1441 1136 1504 quarn
1150 1423 1179 1485 in
1191 1424 1249 1487 llo·

266 1527 379 1590 clesiam
402 1527 541 1602 intrares;
566 1526 685 1607 ipseque
707 1526 783 1588 Deus
807 1545 913 1605 egenos
934 1526 1032 1589 felices
1055 1534 1147 1604 accat,
1168 1533 1195 1589 et
1214 1546 1249 1591 ea

265 1630 341 1692 fideli
354 1630 419 1692 vitae
434 1627 573 1710 promittit
586 1628 690 1709 quibus
708 1646 803 1709 neque
821 1648 888 1693 area
905 1648 1000 1711 neque
1013 1630 1072 1693 lilia
1085 1648 1183 1693 carere
1196 1650 1249 1713 pa·
1324 1650 1331 1661 ·

264 1732 344 1793 titur.
370 1730 534 1809 sacrificiis,
557 1731 624 1792 cum
647 1729 774 1811 privatis,
798 1732 861 1794 tiam
881 1732 1001 1814 publicis
1024 1733 1163 1797 interesse
1190 1752 1248 1797 nan

266 1835 361 1909 minus
375 1836 392 1896 a
404 1832 564 1896 Christiana
582 1834 730 1915 disciplina
750 1834 875 1898 alienum
894 1842 948 1898 est.
969 1836 1041 1900 Sunt
1059 1845 1156 1900 umen
1170 1838 1251 1919 qaid

267 1937 371 2000 talibus
384 1956 443 2000 non
452 1936 627 2015 abstineant,
644 1955 678 1999 eo
691 1955 808 2020 nempe,
831 1946 864 2001 ut
883 1940 975 2019 munt,
991 1940 1100 2018 animo,
1116 1948 1148 2003 ut
1160 1943 1252 2003 oanni·

267 2044 314 2104 bas
324 2042 464 2124 placeant,
479 2049 508 2104 et
523 2058 630 2103 nomen
651 2041 763 2105 Domini
784 2045 860 2108 inter
881 2053 982 2126 gentes
1001 2065 1059 2109 non
1073 2046 1253 2129 blaspheme·

268 2154 332 2225 tur,
355 2146 434 2229 quasi
455 2146 542 2209 etiam
567 2146 711 2225 peccando
733 2146 903 2227 placendum
926 2149 964 2211 sit
984 2150 1076 2212 malis.
1098 2151 1136 2213 At
1156 2169 1251 2230 nunc,

267 2250 393 2313 Etbnicis
407 2252 532 2332 pejores,
552 2248 601 2330 qui
620 2248 729 2310 nullam
752 2250 865 2332 lesum,
886 2252 939 2315 etsi
959 2261 1088 2330 nossent,
1104 2253 1252 2317 nobiscum

268 2355 455 2433 celebrarent,
469 2354 547 2417 iores
561 2358 674 2415 nostras
686 2354 732 2415 die
745 2373 860 2435 quoque
869 2355 941 2418 festo
956 2356 1080 2418 lucernis
1093 2362 1121 2418 et
1134 2356 1251 2435 laureis,

268 2459 346 2539 quasi
358 2458 487 2540 quaedam
503 2459 621 2540 templa,
636 2458 696 2520 imd
709 2458 869 2540 lupanaria,
879 2478 1027 2523 ornamus.
1043 2460 1143 2523 Officia
1156 2470 1253 2525 tamen
1322 2523 1324 2526 .

267 2563 440 2643 privatarum
465 2563 692 2639 solemnitatum,
715 2568 791 2641 togae
813 2582 903 2643 purae,
923 2562 1116 2645 sponsalium,
1138 2564 1254 2646 nuptia-

268 2665 348 2743 lium,
365 2684 416 2747 per
430 2684 460 2731 se
475 2666 583 2730 munda
605 2664 768 2743 oredimus3
789 2667 841 2729 sed
861 2667 1029 2745 cavendum,
1044 2685 1093 2744 ue,
1108 2667 1133 2728 si
1146 2686 1203 2749 qua
1213 2668 1255 2730 ir·

268 2772 390 2849 repserit
417 2772 588 2850 idololatria,
614 2771 820 2853 approbatores
846 2770 1051 2853 potiusquam
1079 2776 1256 2851 spectatores

269 2874 426 2937 videamur.
438 2875 474 2939 Ut
488 2877 523 2954 si,
539 2894 591 2958 per
604 2876 690 2939 falsos
703 2875 778 2938 Deos
789 2873 936 2956 juratione
950 2873 1102 2953 obligatus,
1113 2874 1252 2955 quiescas,

270 2994 307 3039 ne
324 2975 692 3059 Christianusintelligaris3
710 2979 734 3042 si
751 2996 860 3061 pauper
872 2980 889 3041 d
903 2986 932 3040 te
946 2979 1066 3041 donatus
1076 2979 1255 3061 eleemosyna

270 3082 472 3163 propitiosb'bi
484 3083 559 3147 Deos
578 3090 669 3166 optet,
694 3092 725 3146 tu
747 3086 815 3147 verb
832 3081 1009 3145 immundam
1026 3083 1255 3146 benedictionem
1323 3081 1327 3085 “

270 3206 328 3250 non
341 3188 455 3269 rejicias
465 3208 472 3251 :
483 3196 570 3269 negat
583 3190 661 3252 enim
672 3190 764 3252 Deum
778 3188 951 3270 quicumque
964 3188 1135 3251 dissimulat.
1153 3186 1256 3251 «later

272 3311 287 3351 a
310 3292 363 3355 bos
376 3294 510 3375 scopulos
527 3301 556 3357 et
575 3294 667 3373 sinuo,
688 3296 764 3359 inter
780 3296 842 3358 haec
860 3296 932 3359 vada
954 3300 982 3356 et
1002 3294 1073 3357 lreta
1091 3292 1258 3356 idololatria

272 3414 287 3456 a
308 3396 445 3461 velificata
459 3397 561 3479 spiritu
577 3399 628 3461 llei
643 3398 715 3461 fides
736 3399 860 3479 navigat,
881 3405 940 3461 tuta
958 3397 982 3459 si
1006 3404 1102 3475 muta,
1117 3414 1217 3460 secura
1231 3397 1256 3458 si

272 3521 287 3562 o
310 3502 442 3564 attonita.
463 3522 479 3565 n
623 3564 625 3569 .

308 3605 353 3670 Nil
368 3607 507 3671 hactenus
522 3609 654 3689 estquod
669 3608 873 3691 reprehendas,
889 3614 922 3670 ut
934 3605 1059 3670 medium
1073 3603 1143 3666 illud
1160 3602 1256 3665 nuniae

271 3711 426 3773 severitatis
442 3711 617 3795 laxiorisqoe
632 3713 816 3792 indulgentiae
835 3709 986 3773 excedens.
1003 3705 1170 3789 Septimium
1190 3725 1255 3771 cre-

271 3812 320 3875 das
334 3814 503 3878 fidissimum
527 3816 721 3880 ecclesiasticae
737 3816 893 3897 disciplinae
911 3812 1035 3875 extitisse
1054 3802 1253 3893 interpretem,

272 3916 324 3979 nisi
340 3920 440 3983 eodem
451 3920 481 3981 in
501 3938 589 4001 opera
603 3921 692 3983 multa
711 3920 969 4002 reperiunturque
981 3923 1011 3979 et
1025 3916 1192 3979 hereticum
1206 3932 1255 3977 ar-

273 4030 373 4102 guunt,
386 4030 415 4087 et
428 4025 491 4087 aliis
505 4025 540 4087 de
551 4024 737 4106 Apologelico
751 4023 822 4086 locis
832 4022 980 4085 manifeste
993 4024 1162 4102 repugnant·
1179 4016 1255 4077 blor-

273 4126 344 4204 cari‚
359 4128 460 4191 docere
474 4128 591 4207 litteras,
608 4129 813 4212 rempublicam
829 4125 1037 4200 administram,
1054 4120 1175 4183 militare
1189 4136 1257 4200 pro-
