3200 5067
520 475 706 527 oruscuuon
723 475 981 531 curuosoourcuu.
1235 486 1252 535 u
1352 450 1355 454 ’

268 606 333 651 rum
357 587 550 666 admirationi,
575 590 660 671 atque
680 589 821 671 Bossuetii
840 592 990 673 inprimis
1006 594 1156 657 imitationi
1173 614 1252 659 com·

268 690 476 767 mandaverint,
497 696 563 752 ante
581 691 676 753 omnia
696 692 818 754 elucebit
838 692 991 771 singularis
1010 695 1137 776 quidam,
1152 699 1182 759 iu
1195 718 1253 779 quo

268 816 305 857 ne
324 816 340 858 a
361 796 457 858 Tacito
478 796 592 877 quidem
614 804 776 878 superatur,
800 800 993 861 nervosissirni
1007 802 1071 883 styli
1085 804 1176 881 vigor,
1191 807 1254 867 trlm

268 900 345 979 qubd
358 918 443 961 nemo
457 900 552 981 plures
563 919 664 963 sensus
675 901 748 962 iutra
759 902 894 983 pauciora
904 902 991 965 uerba
1003 906 1253 982 calletincludere,

269 1006 330 1066 tbm
353 1006 430 1086 quod
453 1006 599 1084 uocabula,
622 1008 740 1087 ligures,
753 1009 916 1089 juncturas,
932 1010 1172 1074 conformationes
1184 1030 1255 1074 sen·

268 1110 419 1171 tentiarum
442 1110 543 1172 animis
568 1118 699 1193 potenter
720 1114 934 1176 commonendis
954 1115 1114 1196 aptissimas
1142 1116 1252 1210 seligit,

268 1214 390 1296 denique
404 1215 480 1295 qubd
494 1215 587 1278 Flacci
600 1224 756 1298 praecepto,
768 1220 871 1279 natura
884 1219 956 1282 duce
969 1220 1064 1301 potius
1079 1223 1166 1304 quarn
1179 1229 1252 1298 arte,

267 1318 445 1401 obsequitur,
464 1320 524 1401 ipse
539 1327 698 1383 commotus
715 1328 749 1383 ut
769 1330 959 1385 commoneat,
976 1323 1045 1386 lnde
1059 1331 1103 1386 est
1116 1331 1148 1386 ut
1161 1325 1255 1387 omnis

265 1425 407 1488 servitutis
422 1424 582 1507 impatiens,
595 1425 675 1487 latini
685 1426 827 1489 sermonis
838 1426 917 1504 leges
927 1445 985 1487 non
997 1426 1095 1489 docilis
1105 1436 1252 1511 sequatur,

266 1530 316 1592 sed
330 1530 359 1591 in
373 1550 457 1593 suum
471 1532 567 1592 llectat
579 1530 763 1611 obsequium.
773 1528 1035 1609 Hanolibertatem,
1049 1531 1084 1594 dc
1094 1535 1149 1613 qua
1160 1534 1255 1614 splen·

266 1634 410 1697 didissima
433 1652 554 1715 qumque
577 1635 652 1716 apud
675 1652 775 1697 omues
800 1636 921 1718 populos
943 1636 1076 1715 ingenia,
1101 1636 1251 1716 Pindarus,

266 1739 392 1815 Tacitus,
413 1738 589 1818 BossuetiuS,
616 1740 679 1821 plus
701 1739 831 1801 minusue
848 1740 902 1802 sibi
923 1749 1158 1822 assumpserunt,
1186 1760 1251 1819 nos,

268 1841 320 1903 etsi
333 1841 517 1919 indignentur
530 1841 719 1920 grammatici,
744 1841 881 1924 Septimio
894 1862 952 1905 nor.
966 1844 1164 1922 invidebimus,
1178 1845 1254 1907 unde

268 1952 311 2007 tot
333 1952 468 2027 tantaque
487 1945 657 2009 effluxerunt
676 1945 846 2029 eloquentia
864 1946 1016 2025 miracula3
1032 1947 1175 2009 licentiam
1187 1949 1255 2029 jure

267 2050 438 2133 reprebendi
449 2068 507 2113 non
522 2048 700 2129 negabimus.

306 2155 403 2219 Tantis
424 2155 593 2236 eloquentiae
616 2154 697 2236 quasi
719 2154 826 2230 uiribus
848 2155 1015 2231 instructus,
1031 2154 1174 2235 conjicere
1187 2155 1254 2219 lieet

266 2260 351 2341 quam
366 2258 474 2321 vividus
488 2258 516 2320 in
531 2258 730 2335 describendo,
747 2258 776 2319 in
789 2258 954 2320 insectando
971 2257 1104 2337 acerbus,
1119 2259 1151 2319 in
1164 2278 1253 2339 argu-

267 2362 420 2425 mentando
434 2380 549 2443 pressus
562 2360 746 2443 nodosusque
759 2362 893 2425 extiterit.
905 2362 1017 2425 Otiosos
1028 2361 1182 2425 verborum
1196 2363 1252 2425 cir·

265 2468 358 2529 cuitus
380 2466 482 2529 eodem
506 2485 562 2547 quo
585 2465 697 2528 Tacitus
719 2465 784 2530 odio
806 2466 1009 2548 prosequitur3
1032 2466 1146 2547 utrique
1160 2484 1251 2548 pauca

242 2652 243 2655 Ἴ
265 2572 333 2633 satis
355 2577 422 2633 sunt
442 2577 474 2631 ut
492 2570 551 2632 sive
565 2570 705 2648 locorum,
723 2569 781 2631 sive
794 2570 944 2632 bominum
964 2576 1030 2632 ante
1044 2569 1143 2633 onius
1155 2570 1250 2650 imago

266 2675 395 2755 prodeat,
420 2673 500 2736 omni
519 2673 629 2756 pictura
644 2672 808 2750 coloratior,
824 2674 903 2735 omni
918 2692 1064 2735 marmore
1082 2674 1249 2757 spirantiore

265 2780 351 2857 Audi,
367 2787 399 2841 ut
412 2797 501 2841 onum
517 2797 532 2840 e
548 2778 645 2839 multis
658 2777 795 2857 seligatur
809 2777 983 2857 exemplum,
998 2776 1101 2858 quibus
1114 2778 1209 2839 uerbis
1221 2785 1250 2839 te

266 2882 301 2943 in
311 2882 418 2943 medias
436 2880 517 2943 Ponti
532 2880 624 2960 rapiat
637 2878 776 2960 procellas
791 2898 798 2939 :
818 2898 834 2939 r
849 2878 958 2940 Duritia
976 2878 1012 2939 de
1026 2879 1099 2941 coelo
1121 2898 1247 2960 quoque.

269 3002 285 3047 a
307 2985 375 3049 Dies
388 3002 545 3065 numquam
559 2989 670 3065 patens,
686 2982 729 3044 sol
743 3000 901 3063 numquam
915 2981 1018 3043 libens.
1032 2980 1110 3044 Unus
1122 2988 1183 3061 aur,
1198 3002 1251 3045 ne·

268 3109 284 3152 r
306 3090 394 3167 bula3
415 3095 491 3151 totos
511 3102 615 3167 annus,
637 3087 806 3165 hibemum3
823 3106 910 3151 omne
922 3088 999 3169 quod
1012 3087 1130 3167 daverit,
1145 3088 1249 3171 aquiro

268 3215 283 3256 u
306 3201 350 3257 est
365 3194 425 3275 (l).
443 3214 458 3256 u

306 3299 425 3377 Verdm,
447 3298 497 3361 ubi
519 3305 569 3361 aut
589 3297 652 3361 uitia
672 3298 718 3361 sui
742 3299 879 3381 temporis
900 3306 1011 3377 notare,
1033 3305 1083 3360 aut
1102 3298 1247 3362 christiani

266 3403 388 3466 nominis
401 3396 530 3466 hostibus
544 3392 688 3465 infamiam
701 3403 817 3466 inurere
836 3404 1010 3482 aggreditur,
1026 3420 1063 3464 ne
1075 3402 1168 3485 ipsum
1182 3404 1247 3484 qni·

266 3508 329 3571 dem
347 3508 512 3571 Juvenalem
529 3507 720 3589 asperioribus
738 3526 823 3569 usum
836 3524 901 3569 esse
918 3505 1036 3586 flagellis
1055 3506 1243 3569 crediderim:

427 3688 503 3748 Care,
517 3698 587 3748 rare,
602 3700 711 3751 namque
725 3686 751 3735 in
764 3688 846 3741 malos
857 3686 1013 3751 asperrimus

493 3779 582 3829 Parata
593 3780 768 3831 tollit-cornua
773 3813 823 3829 .....

267 3940 376 4013 Quanta
398 3942 573 4005 vehementia
593 3944 703 4021 luxum,
727 3940 903 4018 idolatriam,
922 3938 1126 4021 impudicitiam
1153 3937 1245 3998 insec-

301 4148 334 4216 (1)
349 4148 464 4200 lallare.
481 4150 544 4212 b.l,
560 4151 572 4213 5
590 4151 613 4202 l.
705 4160 708 4162 ·
