3200 5067
328 485 375 544 nu
606 483 647 533 uu
666 482 695 543 u.
715 481 740 530 s.
760 481 786 531 r.
807 455 1026 530 runruuuulo
1077 489 1095 505 ι·

327 619 343 660 e
365 597 512 682 praeeuutl
532 594 679 657 cumhinc
697 592 877 676 potissimum
890 598 920 653 et
936 590 1051 667 veritus,
1068 596 1097 650 et
1115 587 1199 667 fides,
1221 595 1251 650 et
1264 589 1310 650 in-

328 722 344 763 «
365 700 482 782 tegritas
498 697 630 762 sensibus
643 695 812 760 vindicanda
826 696 875 774 sit,
889 696 966 776 quud
979 713 1037 756 uon
1052 693 1135 755 aliter
1147 694 1313 756 renuntient

326 829 341 869 ‹
364 807 449 888 quem
463 803 540 886 quud
553 803 600 865 illa
611 803 684 865 ratio
694 801 848 880 mandevit,
860 820 924 883 qum
934 798 1038 862 efficiat
1050 798 1134 861 aliter
1143 798 1211 879 quid
1221 800 1237 860 l
1247 816 1312 860 sen·

256 939 259 947 ·
331 932 347 974 ‹
361 911 448 974 sibus
462 908 621 972 renuntiari
637 909 723 988 quim
737 907 774 968 sit
785 907 815 967 in
829 906 915 967 rebus
930 904 990 984 (1).
1005 924 1023 965 t

367 1013 434 1076 Haeu
456 1012 538 1074 uobis
559 1009 722 1088 dignissima
748 1007 806 1068 vise
829 1016 907 1084 sunt,
931 1025 996 1087 quae
1019 1006 1104 1069 uariis
1127 1025 1162 1067 ex
1183 1006 1312 1086 Septimii

328 1117 397 1179 loeis
419 1121 563 1196 excerpta,
585 1112 616 1174 in
639 1131 728 1172 unum
751 1112 963 1190 colligerentur,
979 1113 1041 1173 tum
1065 1119 1107 1189 ut,
1120 1110 1202 1192 quasi
1219 1111 1313 1172 luteu-

332 1227 390 1282 tem
414 1219 476 1298 ejus
499 1217 527 1278 in
551 1215 664 1296 scriptis
687 1215 895 1296 philosophiam
924 1215 1119 1296 proferentes,
1143 1215 1217 1276 hene
1239 1235 1312 1296 ‹nru-

329 1340 385 1402 que
403 1321 472 1383 tanti
486 1319 592 1398 ingenii
613 1325 723 1400 partem
746 1320 966 1398 illustraremus,
987 1320 1062 1399 tum,
1087 1320 1230 1400 etiamque
1251 1339 1312 1382 me·

301 1499 310 1507 ,
334 1427 391 1506 gis,
416 1433 447 1487 ut
468 1426 524 1488 hue
555 1425 684 1505 exemplo
707 1433 873 1495 cerneretur
900 1426 969 1507 quid
993 1426 1059 1488 nuri
1085 1425 1201 1488 luminis
1228 1426 1313 1486 tentis

331 1529 533 1611 questionibus
565 1527 722 1590 Christiane
746 1527 846 1607 religio
875 1528 1100 1593 circumtulerit.
1128 1527 1187 1589 Nee
1213 1528 1314 1591 inutile

330 1635 427 1697 forsan
439 1635 526 1696 suerit
539 1641 589 1696 aut
601 1633 802 1714 injucundum,
814 1634 844 1695 in
858 1635 1018 1697 christiane
1031 1632 1220 1716 philosophie
1234 1632 1313 1694 initia

331 1738 480 1818 diligenter
492 1736 682 1818 inquisivisse,
698 1756 772 1819 que,
787 1740 804 1800 t
819 1738 993 1819 Septimiaut
1008 1746 1090 1801 estate
1110 1737 1248 1820 prolecta,
1269 1744 1315 1799 tu-

334 1841 386 1903 ties
400 1841 511 1919 exinde,
527 1840 580 1902 sub
600 1840 685 1903 variis
699 1842 875 1921 numinibus,
899 1861 952 1925 per
965 1843 1190 1926 splendidissima
1203 1843 1316 1922 ingenia

332 1945 595 2027 pulcherrimasque
609 1944 754 2010 doctrinas
769 1949 882 2027 tloruit3
898 1967 951 2030 per
962 1948 1141 2031 Septimium,
1163 1967 1195 2010 se
1208 1950 1224 2010 t
1238 1955 1314 2010 rete·

330 2067 396 2110 rum
411 2047 623 2129 disciplinarum
636 2050 749 2114 servitiu
766 2053 910 2131 eximens3
931 2072 984 2134 per
996 2053 1031 2116 D.
1046 2042 1251 2133 Augustinum,
1266 2071 1314 2114 ve-
1356 2060 1358 2064 “

331 2153 424 2217 ritatis
445 2155 607 2234 particulas,
628 2161 764 2234 tanquam
785 2174 847 2217 rem
868 2175 962 2235 suam,
977 2157 1014 2220 ab
1027 2157 1082 2220 illis
1094 2164 1245 2238 repetens3
1262 2176 1314 2238 per
1434 2167 1440 2180 ·

333 2256 368 2318 D.
386 2256 538 2332 Thomem,
553 2258 582 2318 in
598 2265 709 2320 certum
723 2259 859 2323 doctrine
869 2279 974 2342 eorpus
986 2261 1117 2339 redacte3
1126 2262 1247 2342 denique
1262 2281 1314 2344 per

333 2345 523 2436 Bossuetium,
545 2359 574 2421 in
597 2379 743 2424 summum
767 2363 902 2428 humente
916 2352 1099 2447 perfeetionis
1121 2372 1216 2428 evectu
1236 2365 1315 2438 lesti-

334 2482 423 2540 grum.

365 2689 400 2754 (l)
415 2688 449 2738 lle
461 2690 520 2751 An,
536 2691 547 2753 5
563 2692 603 2742 ll.
