3200 5067
486 495 672 548 cruscutbn
691 493 951 546 rnrtosertttcun.
1176 493 1210 542 et

229 633 243 672 ι
266 611 309 674 sui
323 609 465 689 vaginam,
481 608 636 671 molitionis
650 627 709 671 snae
722 607 863 686 reginam,
878 604 1054 668 liberalitatis
1074 621 1135 666 sum
1147 604 1209 666 hm·

228 735 244 776 ‹
262 714 375 788 nedem,
395 712 541 791 religionis
558 731 619 774 suae
639 711 826 786 sacerdotem,
843 706 997 771 testimonii
1011 705 1055 768 sni
1075 707 1207 784 mditem,

227 836 242 878 t
263 815 368 879 Christi
380 816 426 876 sui
441 833 583 892 sororem,
601 814 630 876 in
644 821 783 876 aeternum
797 813 933 874 destituat
944 812 1091 874 interitum
1105 813 1171 892 (1)!
1190 833 1205 875 a

263 921 406 982 Hactends
425 919 462 981 de
476 919 600 981 hominis
616 921 728 994 natura,
744 918 866 996 origine,
886 918 955 993 fine,
978 916 1066 979 exitu.
1088 916 1206 993 Verum,

226 1035 255 1086 ut
265 1022 418 1104 Septimius
431 1039 501 1102 quas
513 1021 567 1083 sibi
581 1028 742 1102 sumpserat
755 1029 862 1101 partes,
876 1019 1055 1083 enubilandae
1063 1039 1116 1101 per
1125 1021 1191 1083 adul

226 1137 350 1189 terarum
366 1125 571 1190 sententiarum
584 1124 806 1188 confutationem
818 1125 952 1201 veritatis,
966 1124 1131 1208 adimpleat,
1143 1144 1208 1206 per·

225 1232 264 1309 git
285 1231 314 1292 in
336 1229 489 1292 minutiora
511 1227 640 1310 quaedam
657 1227 812 1308 inquirere,
836 1236 866 1290 et
890 1228 926 1292 de
946 1229 981 1291 iis
997 1249 1061 1310 qoae
1074 1230 1208 1292 dicuntur

226 1338 313 1398 animi
333 1336 455 1416 portibus
476 1353 528 1396 seu
544 1333 735 1411 facultatibus,
750 1334 907 1414 disputare,
931 1352 989 1395 non
1012 1353 1116 1396 novam
1135 1334 1208 1396 alla·

226 1447 306 1503 turus
321 1439 461 1522 partiendi
474 1439 625 1513 rationem,
644 1437 705 1514 sed,
722 1437 828 1517 siquid
841 1436 988 1499 errorisin
1004 1437 1099 1517 aliquo
1114 1437 1208 1518 pbilo-

226 1545 331 1626 sophiae
344 1544 448 1622 angulo
463 1543 564 1619 latitet,
580 1543 656 1604 lords
669 1548 868 1622 pmtrusnrns.

266 1647 417 1710 nemus
432 1647 492 1708 lere
506 1645 666 1727 philosophi
678 1645 707 1705 in
717 1643 785 1705 mali
795 1643 1118 1724 quaestioneheesemnt,
1130 1661 1205 1724 quae,

226 1751 334 1814 caeteris
354 1750 384 1811 in
405 1749 493 1812 rebus
513 1749 646 1825 difficilis,
664 1749 832 1809 inhumani
846 1747 941 1808 anima
958 1747 1042 1826 plane
1055 1733 1208 1808 inextrica-

175 1837 179 1843 ⁵
226 1853 289 1916 bilis
313 1854 435 1916 uidetur.
463 1853 512 1915 llla
549 1853 697 1915 Platonem
728 1860 759 1913 ut
787 1850 1023 1932 praeexistentiam
1048 1853 1208 1911 animarum

228 1957 416 2020 somniaretur
429 1957 559 2038 impulit:
575 1956 623 2018 illa
637 1956 694 2017 rim
712 1955 840 2016 materiae
856 1954 1075 2016 bonoaemulam
1085 1954 1207 2015 induxit.

228 2062 288 2139 llla,
303 2063 408 2126 nostris
417 2061 605 2142 temporibus,
615 2060 720 2121 multos
734 2057 877 2136 Evangelii
891 2058 984 2119 lucem
998 2065 1167 2138 respuentes
1179 2056 1208 2117 in

229 2175 353 2230 monstra
363 2167 492 2247 quedam
503 2163 695 2227 doctrinarum
706 2163 811 2241 adegit,
824 2163 892 2224 dum
905 2161 1012 2222 malum
1022 2159 1105 2222 nobis
1114 2160 1209 2222 inesse
1328 2244 1330 2247 Ι

229 2278 358 2349 negatur,
380 2269 608 2348 transferturque
626 2267 708 2348 culpa
727 2269 744 2328 d
762 2268 856 2346 legum
871 2265 1054 2328 violatoribus
1067 2264 1211 2347 adipsum

229 2389 313 2452 quem
329 2371 434 2434 violant
447 2369 611 2451 reipublice
626 2368 774 2445 ordinem,
790 2369 895 2450 quippe
909 2387 1010 2432 omnes
1024 2376 1134 2432 naturae
1147 2388 1213 2431 nos·

230 2483 279 2538 trae
303 2477 426 2556 impetus
450 2475 587 2539 innocuos
608 2491 670 2534 esse
694 2480 723 2534 et
746 2472 781 2534 ad
804 2473 944 2554 optimum
968 2474 1055 2536 finem
1081 2475 1210 2551 tendere,

231 2581 315 2643 modh
326 2579 381 2642 illis
392 2579 582 2640 immittantur
596 2576 729 2654 hahenae3
744 2594 821 2639 nunc
835 2579 913 2654 vert,
929 2584 1036 2658 preter
1050 2579 1212 2659 justasque

231 2686 246 2744 a
259 2683 353 2762 legum
367 2681 504 2746 latoribus
518 2699 710 2762 compressos,
727 2680 757 2741 in
772 2681 893 2741 violenta
907 2698 1058 2761 erumpere
1071 2702 1080 2758 3
1098 2683 1175 2762 qudd
1187 2683 1212 2743 si

231 2788 382 2866 ingenitam
400 2785 534 2864 effulgere
554 2784 667 2846 illorum
687 2783 877 2844 innocentiam
894 2782 975 2858 velis,
991 2783 1155 2844 mutandam
1169 2784 1212 2845 ci·

229 2892 345 2954 vitatum
361 2891 494 2966 lormam,
513 2896 539 2952 et
553 2887 684 2950 solvenda
706 2884 810 2966 quibus
828 2883 1035 2946 exacerbantur
1048 2885 1139 2946 hena.
1154 2885 1213 2947 Nec

231 2995 318 3062 habes
339 2995 413 3075 quod
436 2993 555 3054 adhaec
576 2989 762 3070 respondeas,
784 2988 808 3050 si
830 3005 889 3048 non
903 2986 943 3048 sis
957 2986 1141 3049 Christianus.
1159 2988 1212 3049 hl-

231 3107 369 3163 terutrum
391 3098 466 3162 enim
486 3095 588 3174 seligas
606 3111 722 3156 necesse
743 3100 806 3154 est:
831 3098 890 3168 ant,
913 3092 988 3156 mala
1008 3091 1054 3152 illa
1078 3107 1140 3152 esse
1160 3110 1213 3154 ne-

229 3225 299 3282 gans
313 3205 342 3266 in
356 3222 421 3285 quae
434 3199 558 3263 naturali
570 3199 704 3260 instinctu
724 3198 864 3280 rapimur,
886 3196 946 3258 istis
961 3213 1059 3258 rerum
1073 3212 1212 3258 novarum

230 3309 391 3373 auctoribus
406 3303 537 3368 assentiri
551 3302 642 3364 serius
656 3301 736 3364 ocius
750 3300 881 3380 cogeris:
897 3306 958 3377 aut,
977 3305 1143 3381 corruptum
1157 3300 1211 3362 ali-

230 3413 297 3493 quid
314 3420 343 3474 et
361 3408 523 3474 irrationale
539 3407 687 3469 hominum
710 3405 814 3476 animis
827 3405 863 3467 ab
882 3404 951 3488 ipsis
965 3405 1106 3469 natalibus
1118 3405 1212 3469 inesse

205 3573 208 3578 .
230 3535 402 3596 agnoscens,
424 3514 453 3576 id
476 3518 578 3593 praeter
602 3516 733 3572 naturam
757 3510 892 3572 accidisse
914 3510 1065 3588 fateberis,
1084 3510 1210 3590 hlusique

230 3623 330 3684 credes
341 3630 465 3684 veterem
479 3618 552 3680 hanc
564 3615 682 3678 humani
696 3617 808 3693 generis
822 3617 898 3678 luem
914 3622 944 3678 et
962 3635 1056 3675 rernm
1072 3595 1210 3692 lacrymas

230 3725 385 3788 enarranti.
416 3723 474 3786 Nee
497 3721 650 3802 quidquam
679 3721 795 3800 prodest
824 3719 983 3780 libertatem
1012 3718 1149 3796 cujusque
1178 3715 1208 3777 in

230 3846 344 3890 causam
357 3845 470 3904 vocare,
483 3826 548 3888 cum
563 3842 620 3886 non
635 3823 664 3885 id
679 3817 940 3898 ambiguum-unde
954 3817 1003 3878 fiat
1012 3825 1046 3879 ut
1058 3818 1145 3881 homo
1159 3817 1209 3878 de·

231 3931 375 4012 linquendi
393 3932 432 3993 sit
453 3950 551 4013 capax,
566 3929 766 4010 interdumque
780 3926 936 4006 delinquat,
952 3924 1003 3986 sed
1018 3923 1094 3987 unde
1106 3940 1208 4004 proce-

264 4158 297 4220 tl)
311 4158 347 4208 he
358 4157 503 4209 Resurrect.
519 4171 600 4218 carn,
614 4157 639 4218 §t
653 4157 712 4206 8-9.
