3200 5067
563 990 825 1081 PROOEMIUM.

653 1298 739 1319 «κο-

248 1575 380 1657 Quisquis
393 1576 448 1640 rite
463 1575 690 1661 philosophatur,
706 1584 735 1642 et
747 1576 956 1661 philosophiam
970 1595 1029 1643 uou
1039 1552 1099 1643 uult
1111 1579 1188 1645 intrt

207 1703 370 1769 scholarum
383 1704 508 1787 parietes
520 1703 638 1782 includi,
650 1722 744 1788 neque
753 1704 828 1768 ciret
838 1704 944 1786 logicas
956 1707 1068 1770 1001000
1080 1710 1188 1772 vorsum

206 1832 438 1915 quaestiunculas,
448 1832 499 1897 scd
512 1831 648 1895 humanis
661 1830 819 1915 (1101010000
831 1832 921 1897 rebus
938 1851 971 1897 se
988 1833 1127 1913 inserere,
1141 1828 1201 1898 at?

207 1976 263 2041 que
276 1958 386 2021 bouum
401 1976 569 2041 verumque,
584 1958 724 2042 quantum
735 1958 841 2023 rationi
862 1959 905 2023 lus
922 1966 967 2023 est
976 2006 987 2040 ,
1002 1960 1033 2023 in
1052 1960 1186 2027 omnibus

205 2087 374 2171 exquirere,
399 2087 425 2150 is
444 2086 552 2151 nullam
572 2086 728 2167 digniorem
752 2086 903 2151 materiam
923 2088 1060 2170 inueniet,
1080 2090 1111 2153 ie
1128 2093 1186 2173 qul

203 2214 362 2297 plurimum
376 2232 481 2297 operae,
495 2214 654 2297 plurimum
671 2213 778 2281 laboris
799 2222 1004 2296 consumatur,
1019 2218 1106 2300 qutm
1126 2216 1185 2280 im·
1266 2216 1276 2229 '

202 2343 389 2407 mutationem
410 2342 570 2407 invisendi
593 2342 784 2427 credendique
804 2344 970 2428 principiis,
993 2362 1067 2410 xum
1080 2345 1185 2411 abhinc

201 2470 313 2537 saeculis
337 2472 510 2536 inchoatam.
528 2470 591 2537 Nou
608 2470 685 2535 euim
699 2489 801 2555 pauca,
813 2488 908 2556 neque
925 2472 956 2535 in
972 2472 1071 2555 paucis
1088 2471 1183 2536 clums-

201 2600 277 2663 tiana
300 2599 445 2683 disciplina
465 2600 621 2678 innovavit,
640 2598 692 2664 sed
712 2599 775 2681 ipsa
796 2618 912 2664 morum
930 2598 1182 2681 doctrinarumque

200 2730 367 2793 instauravit
380 2729 576 2809 fundamenta,
591 2730 714 2812 triaque,
729 2734 779 2792 aut
792 2728 902 2809 subito,
919 2730 1034 2812 culpor
1043 2728 1181 2809 temporis

202 2856 366 2935 decursum,
387 2856 520 2941 produxit
538 2857 569 2922 in
586 2854 690 2940 quibus
704 2862 874 2939 prestamus
888 2855 1031 2939 001100οε
1047 2855 1182 2922 Christia-

201 3003 268 3047 nam
285 2983 504 3068 rempublicam,
520 2982 694 3047 Christianus
711 2983 842 3061 mutulos,
854 2982 1043 3047 (1100110000
1055 2981 1180 3066 philoso-

198 3112 307 3193 phium.
323 3111 393 3178 mdo
406 3117 449 3175 est
459 3110 536 3193 quod
550 3109 652 3200 diuum
665 3110 818 3191 religiones
831 3109 975 3176 desierunt
984 3110 1020 3174 ad
1029 3109 1179 3175 arbitrium

200 3240 305 3305 mutari
317 3238 464 3323 principis,
476 3239 719 3323 constitutumque
730 3218 907 3321 est'reguum
918 3237 1090 3317 animarum,
1099 3238 1179 3301 omui

199 3368 311 3432 vinculo
321 3367 457 3448 iberum,
472 3386 524 3433 sua
537 3368 618 3451 jura,
632 3384 757 3451 suosque
766 3366 875 3433 hahens
888 3367 1083 3447 magistratum
1097 3366 1176 3446 indo,

198 3496 274 3578 quod
287 3513 438 3580 pauperes,
459 3495 545 3577 serui,
561 3495 796 3579 contemptissimi
815 3496 900 3559 autot
918 3496 1035 3579 quiquo,
1049 3495 1176 3579 primum
1253 3560 1256 3564 ,

199 3623 337 3688 indivint
351 3624 464 3688 civitate
480 3624 575 3689 locum
595 3623 798 3704 obtinuerunt,
815 3624 1030 3708 paulatimque,
1046 3623 1134 3687 011000
1146 3622 1177 3685 10

198 3752 335 3831 humant,
350 3752 445 3837 aliquo
457 3754 521 3817 loco
529 3750 630 3819 haberi
640 3758 804 3839 esperone
821 3752 900 3831 iude,
912 3751 990 3834 quod
1005 3714 1179 3834 1000001001

198 3898 256 3943 000
269 3896 321 3963 pro
332 3882 423 3963 patria
436 3882 547 3945 tantilm
560 3888 610 3946 aut
623 3899 675 3965 pro
690 3881 771 3960 suis,
786 3879 839 3944 sed
852 3898 905 3962 pro
924 3879 1038 3978 ignotis,
1054 3897 1107 3963 pro
1120 3878 1178 3942 ini-

197 4009 279 4074 micis
294 4028 325 4074 se
339 4010 521 4092 devoverent,
542 4012 590 4094 qui
610 4012 712 4076 nesciri
731 4018 758 4075 et
770 4029 821 4093 pro
843 4008 932 4073 uitello
954 4009 1078 4093 reputari
1097 4026 1179 4070 omu-
