3200 5067
361 462 409 511 116
632 457 672 508 DE
690 458 721 519 Q.
739 458 765 508 S.
787 457 816 505 F.
834 455 1058 506 uuuuuuulluo

360 571 625 650 «regerminent,
655 570 718 634 ideo
746 567 869 632 baereses
893 568 1042 630 veritatem
1069 566 1240 630 ridebuntur
1268 569 1343 631 obti-

361 693 469 738 ‹ncre
485 674 587 755 (l)‘lu

356 787 358 792 '
400 779 575 860 Cuperemus
589 778 625 840 de
638 778 682 840 bis
692 778 816 841 reticere
829 794 893 858 quae
905 775 939 837 Β.
953 775 1086 837 Aurelius
1100 775 1248 836 tremenda
1269 793 1344 850 esse,

361 899 419 943 non
440 880 558 943 ridenda
579 881 673 942 docet.
688 879 808 956 verum,
820 879 887 940 crim
909 879 979 941 illud
999 878 1036 939 sit
1057 895 1178 940 summae
1199 879 1345 960 sapientiae

363 983 511 1065 proprium
526 990 558 1050 ut
578 982 664 1044 etiam
687 982 810 1062 pessime
824 981 933 1062 optimo
946 981 997 1042 fini
1009 980 1171 1042 subservire
1191 989 1342 1060 cogantur,

364 1086 441 1147 houd
464 1085 565 1146 inutile
588 1084 676 1146 luerit
698 1091 791 1146 tantas
814 1085 1002 1166 contemplari
1030 1084 1140 1146 ruinas.
1167 1083 1346 1146 llouebimm·

360 1191 453 1266 enirn,
476 1189 538 1251 illas
561 1189 724 1263 intuentes,
747 1205 805 1249 non
827 1187 913 1250 nimis
936 1187 993 1250 alte
1011 1174 1193 1269 sapiendum,
1218 1207 1271 1250 nec
1289 1189 1345 1251 hu-

362 1311 454 1356 manae
480 1293 622 1372 umqudm'
640 1290 863 1353 obliviscendum
889 1291 1072 1367 infirmitatis,
1088 1292 1154 1354 culm
1177 1291 1345 1373 Septimium

361 1413 455 1475 neque
477 1401 602 1475 spectata
627 1394 733 1470 virtus,
758 1411 852 1473 neque
870 1393 1016 1472 egregium
1041 1394 1216 1472 ingeniumd
1237 1394 1345 1472 gravis-

363 1499 435 1560 simo
449 1497 528 1574 vitio,
551 1495 781 1580 turpissimisque
804 1496 949 1557 erroribus
974 1496 1132 1558 immunem
1153 1498 1343 1559 servaverint:

363 1599 429 1664 dein
443 1602 590 1663 veritatem
614 1600 689 1662 mole
712 1602 764 1660 sul
782 1606 870 1675 stare,
886 1597 1051 1678 nulliusque
1073 1599 1200 1678 indigere
1222 1601 1346 1680 patroci-

364 1705 423 1798 nio,
442 1711 471 1764 ct
489 1702 729 1783 eloquentissimis
751 1702 932 1792 oratoribus,
956 1702 1132 1765 doctissimis
1152 1703 1345 1785 philosophis,

362 1815 498 1887 tanquam
519 1805 668 1868 clientibus
691 1806 754 1882 uti,
776 1823 835 1867 non
858 1806 1004 1886 patronis3
1025 1808 1074 1887 qui
1099 1806 1124 1868 si
1148 1807 1184 1868 ab
1206 1806 1254 1868 illa
1275 1807 1347 1869 defi-

365 1909 452 1985 ciant,
466 1909 496 1970 hi
510 1908 625 1990 quidem
648 1915 708 1990 toto
734 1907 860 1989 pondere
880 1917 986 1988 ruant,
1009 1911 1070 1992 ipsa
1094 1913 1159 1972 verb
1182 1911 1347 1973 inconcussa

365 2020 542 2092 permaneat.

405 2115 539 2176 Attamen
553 2133 610 2176 non
622 2121 731 2175 tantum
747 2113 841 2195 potuit
854 2115 990 2197 Septimio
1006 2117 1114 2180 offundi
1128 2117 1257 2198 coliginis
1272 2125 1304 2180 ut
1316 2137 1349 2180 se

367 2217 421 2279 sibi
433 2218 551 2279 minime
566 2217 728 2280 consentire
746 2236 805 2279 non
822 2219 1020 2301 perspiceret:
1039 2238 1094 2282 nec
1108 2220 1261 2283 defuerunt
1273 2221 1349 2303 apud

285 2338 289 2346 ·
368 2321 528 2382 Catholicos
542 2319 591 2400 qui
605 2337 671 2380 eum
685 2318 805 2380 levitatis
818 2327 847 2382 et
860 2323 1011 2403 apostasiae
1019 2331 1182 2402 arguerent.
1192 2323 1286 2405 Quum
1297 2325 1349 2405 igi-

369 2433 417 2485 tur
433 2423 536 2504 saepids
550 2439 581 2483 se
603 2439 728 2502 purgare
751 2423 966 2504 aggrederetur,
991 2443 1089 2505 quem,
1105 2433 1201 2506 putas,
1214 2434 1351 2489 constan-

367 2526 506 2590 tissimum
521 2526 620 2588 babuit
640 2526 851 2605 adversarium,
867 2529 1062 2593 ineluctabiles
1082 2530 1176 2611 pravis
1189 2531 1350 2594 subtilitati-

370 2630 424 2692 bus
448 2630 651 2710 responsiones
676 2631 891 2710 opponentem?
918 2631 1098 2714 Septimium.
1129 2633 1192 2712 ille,
1220 2634 1349 2715 iuquam,

371 2736 529 2797 acerrimus
546 2734 612 2796 lidei
626 2733 770 2812 delensor,
794 2752 919 2817 quocum
941 2738 1013 2799 nulli
1024 2757 1060 2799 ex
1075 2738 1215 2801 baercticis
1232 2740 1351 2818 gradum

370 2839 500 2902 conferre
512 2839 630 2921 impune
651 2837 742 2915 licuit,
771 2839 867 2900 omnia
889 2839 1063 2920 sophismata
1082 2840 1185 2921 quibus
1198 2841 1234 2903 ad
1252 2849 1351 2919 tegen-

373 2944 439 3005 dam
450 2943 615 3005 delectionis
630 2941 776 3004 infamiam
793 2960 899 3006 usurus
920 2950 983 3005 emt
1002 2951 1031 3004 ct
1044 2944 1191 3024 praesensit
1210 2952 1240 3007 et
1256 2944 1350 3006 nomi-

371 3047 460 3129 natim
477 3046 641 3123 confutavit,
658 3055 691 3108 ut
711 3047 835 3111 alterum
860 3045 930 3106 mibi
945 3045 1041 3111 videar
1062 3046 1160 3108 audire
1182 3065 1248 3110 cum
1262 3047 1351 3110 altero

371 3148 416 3209 bis
429 3150 520 3228 prope
534 3148 626 3212 verbis
639 3127 859 3230 fiolloquentem.

767 3335 951 3383 flmuzulctm.

413 3461 513 3525 (Non
538 3465 727 3529 admittendos
750 3470 786 3531 ad
810 3472 1006 3551 poenitentiam
1033 3474 1219 3539 lomimtores
1238 3495 1351 3555 censeo,

373 3586 388 3628 c
413 3567 550 3629 adversus
572 3568 731 3650 psychicos,
753 3572 889 3636 adversus
908 3593 980 3639 meae
1004 3578 1152 3642 sententie
1172 3582 1250 3642 retro
1266 3599 1354 3662 penes
1402 3621 1406 3626 Δ

373 3687 389 3730 c
411 3667 475 3731 illos
489 3670 634 3752 quondam
656 3671 833 3753 societatem,
852 3681 909 3759 qud
923 3681 1014 3758 magis
1033 3681 1089 3743 boc
1114 3683 1184 3745 mibi
1207 3684 1236 3744 in
1258 3691 1353 3746 notam

372 3791 388 3833 c
410 3773 531 3838 levitatis
544 3776 696 3857 objectent.
709 3778 746 3840 At
755 3779 832 3840 enim
847 3799 894 3843 me
908 3800 966 3844 uon
982 3783 1072 3862 magis
1085 3785 1265 3849 dedecorabit
1278 3786 1354 3849 utilis

373 3893 389 3935 c
411 3875 518 3955 levitam,
540 3879 626 3959 qudm
648 3881 757 3973 cmliii
780 3901 898 3945 nocens.
926 3883 989 3947 Non
1009 3887 1164 3949 suffundor
1182 3907 1281 3952 errore
1297 3908 1353 3969 quo

404 4052 437 4114 (l)
452 4053 488 4104 lte
501 4053 646 4118 Proscript,
663 4056 675 4117 t
690 4055 716 4104 ὅ.
