3200 5067
514 447 699 502 OPUSCULUM
716 447 975 502 ruinosortnctttt.
1203 453 1236 504 td

256 585 270 627 r
286 573 325 652 ⁴et
338 564 418 641 alias,
434 564 518 645 quate
532 571 594 626 erat
608 570 651 641 ut,
670 563 757 626 totius
778 562 877 625 mundi
895 562 1045 642 possidens
1057 562 1157 642 tremo,
1177 583 1234 628 non

256 691 271 730 u
294 670 426 751 inprimis
439 668 528 730 animi
543 669 587 730 sui
600 661 781 748 possessione
794 672 939 749 regnaret,
955 665 1077 728 aliorum
1090 669 1233 746 dominus,

255 795 273 834 c
293 775 340 836 sut
360 771 506 837 famulus?
527 771 622 835 Habes
642 771 730 850 igitur
750 777 779 832 et
792 769 949 832 bonitatem
969 769 1020 830 Dei
1034 787 1189 847 agnoscere
1202 792 1247 866 er!
1362 752 1368 764 ’

254 895 269 936 o
292 875 466 954 dignatione,
488 881 517 935 et
537 873 678 936 rationem
693 892 728 936 ex
743 872 938 954 dispositione.
955 871 1113 936 Solairunc
1125 874 1238 939 bonius
1339 936 1344 944 ,

254 998 272 1039 s
292 979 462 1058 deputetur,
487 995 551 1057 quea
572 984 681 1039 tontum
702 976 811 1038 homini
832 975 934 1053 largita
953 975 1003 1053 sit,
1024 976 1054 1038 id
1073 984 1116 1040 est
1128 978 1239 1040 arbitrii

255 1103 270 1142 r
293 1081 464 1144 libertatem.
493 1080 578 1144 Aliud
600 1079 652 1143 sibi
681 1074 754 1142 datio
777 1080 909 1142 defendat
935 1080 966 1140 in
988 1082 1130 1161 ejusmodi
1155 1084 1238 1146 insti·

256 1205 271 1245 c
294 1185 444 1248 tutionem.
467 1183 538 1246 Nam
559 1184 651 1246 bonus
670 1186 772 1246 naturd
791 1184 868 1246 Deus
884 1183 975 1246 solus.
995 1183 1051 1257 Qui
1070 1185 1147 1248 enim
1161 1187 1238 1267 quod

256 1287 420 1350 «estsine
444 1286 525 1349 initio
546 1287 651 1365 habet,
678 1305 735 1348 non
760 1286 939 1349 institutione
961 1285 1050 1348 habet
1074 1287 1238 1365 illud-sed

32 1403 33 1410 ¹
146 1449 155 1462 ,
257 1395 404 1481 «nature.
430 1391 522 1453 Homo
546 1398 640 1453 autem
670 1391 717 1472 qui
741 1397 820 1452 totus
846 1409 881 1453 cx
903 1390 1080 1452 institutione
1100 1399 1161 1469 est,
1182 1393 1238 1455 ha·

255 1515 270 1555 u
293 1494 363 1556 bens
386 1495 509 1571 initium,
532 1511 598 1560 cum
621 1493 701 1556 initio
720 1494 840 1555 sortitus
860 1501 904 1555 est
919 1492 1041 1554 sormam
1062 1497 1118 1574 qut
1139 1502 1235 1557 esset:

255 1619 270 1661 u
294 1607 379 1680 etque
398 1600 436 1660 itui
458 1617 515 1660 non
538 1602 639 1660 naturt
655 1599 683 1658 in
698 1598 806 1658 honum
827 1595 979 1676 dispositus
994 1601 1048 1672 est,
1064 1597 1114 1658 sed
1127 1597 1240 1661 institu-

255 1721 270 1762 c
294 1701 390 1777 tione,
416 1699 573 1762 secundum
596 1700 786 1762 institutorem
810 1696 938 1774 bonum,
965 1698 1072 1760 scilicet
1095 1698 1237 1762 bonorum

256 1825 272 1864 c
295 1804 483 1866 conditorem.
514 1801 547 1867 Ut
573 1805 642 1880 ergit
665 1803 772 1866 bonum
794 1801 853 1882 iam
879 1819 964 1862 suum
989 1800 1108 1863 haberet
1130 1802 1239 1876 homo,
1330 1813 1334 1820 '

256 1927 270 1965 c
294 1906 504 1986 emancipatum
525 1906 578 1968 sibi
602 1907 618 1966 i
641 1905 712 1982 Deo,
736 1911 765 1968 et
782 1905 865 1966 tieret
885 1903 1045 1985 proprietas
1055 1905 1116 1984 jam
1129 1905 1239 1970 boniiu

257 2029 271 2068 u
295 2009 423 2087 homine,
448 2018 477 2071 et
491 2009 615 2090 quodam
629 2009 714 2071 modo
729 2015 844 2084 nature,
859 2008 895 2070 do
908 2007 1085 2070 institutione
1098 2009 1239 2090 adscripta

258 2133 271 2171 r
295 2119 337 2173 est
350 2112 402 2189 iili,
419 2112 498 2192 quasi
514 2112 649 2194 libripens
673 2112 842 2194 emancipati
861 2113 878 2173 d
900 2112 958 2174 Deo
972 2112 1052 2189 boni,
1067 2113 1194 2191 libertas,
1212 2123 1241 2178 et

258 2221 417 2295 «potestas
440 2214 561 2292 arbitrii,
583 2233 648 2295 quae
671 2214 797 2276 efficeret
819 2214 939 2292 bonum,
960 2221 991 2275 ut
1004 2217 1166 2296 proprium,
1177 2218 1238 2297 jam

257 2337 272 2376 c
295 2325 398 2397 sponte
411 2316 539 2397 praestari
558 2317 594 2378 ab
611 2317 743 2393 homine;
767 2318 902 2398 quoniam
916 2326 946 2379 et
958 2318 1014 2379 hoc
1027 2318 1099 2379 ratio
1114 2319 1240 2397 exigeret

257 2443 272 2481 ι
294 2421 430 2485 bonitatis
449 2422 605 2484 voluntarie
624 2423 804 2500 exercendae,
819 2441 853 2484 ex
868 2421 998 2484 libertate
1014 2423 1121 2486 scilicet
1132 2423 1240 2487 arbitrii

257 2547 271 2586 c
295 2526 403 2588 invente
427 2527 609 2603 institutioni,
635 2545 692 2588 non
714 2526 870 2604 serviente3
898 2534 930 2587 nt
951 2527 990 2588 iu
1011 2528 1126 2590 demum
1148 2528 1240 2590 bonus

258 2645 272 2684 c
294 2625 461 2686 consisteret
481 2625 581 2703 homo,
599 2626 634 2703 si,
651 2627 809 2691 secunddm
829 2627 1033 2689 institutionem
1049 2627 1176 2708 quidem,
1191 2629 1243 2690 sed

258 2750 273 2788 c
295 2749 327 2790 ex
348 2731 494 2792 voluntate
511 2732 573 2811 jam
596 2731 688 2792 honus
707 2727 894 2807 inveniretur,
920 2731 1002 2812 quasi
1015 2732 1050 2793 de
1069 2733 1241 2812 proprietate
1318 2803 1328 2820 t

257 2855 272 2894 n
295 2842 420 2913 naturae3
437 2835 559 2915 proinde
572 2842 604 2896 ut
618 2837 717 2898 contri
740 2835 847 2896 rnalum
866 2835 967 2896 sortior
980 2836 1067 2896 homo
1082 2834 1241 2915 praetende·

258 2960 272 2998 o
294 2944 349 3015 ret,
372 2938 445 3002 liber
468 2938 639 3016 scilicet‚·et
660 2937 720 3000 suae
735 2940 903 3021 potestatis;
920 2939 999 3020 quia,
1022 2939 1046 3000 si
1062 2944 1173 3000 careret
1186 2939 1241 3000 hoc

258 3061 272 3102 c
292 3043 371 3121 jure,
400 3048 432 3102 ut
454 3041 561 3103 bonum
578 3061 691 3123 quoque
706 3061 762 3104 non
778 3026 919 3105 voluntate
933 3043 1036 3118 obiret,
1052 3042 1103 3104 sed
1116 3041 1241 3103 necessi-

261 3163 275 3202 «
299 3151 367 3217 tate,
389 3143 561 3224 usurpabilis
579 3145 664 3206 etiim
685 3146 759 3207 malo
780 3146 894 3208 futurus
915 3152 1001 3223 esset,
1024 3164 1058 3206 ex
1077 3144 1241 3206 infirmitate

260 3269 274 3307 c
298 3249 414 3325 servitii,
437 3249 556 3330 proinde
575 3258 604 3311 et
621 3250 696 3312 malo
711 3251 784 3312 sicut
798 3250 875 3312 bono
889 3251 1023 3312 famulus.
1038 3249 1107 3312 Tota
1122 3250 1191 3327 ergd
1205 3249 1241 3309 li-

260 3370 274 3409 c<
297 3348 391 3417 bertas
408 3349 518 3412 arbitrii
539 3351 568 3411 in
587 3358 738 3433 utramque
752 3360 863 3434 partem
877 3371 1010 3416 concessa
1025 3359 1069 3414 est
1082 3352 1134 3429 iili,
1151 3357 1183 3413 ut
1196 3354 1241 3412 sui

257 3477 271 3515 c
295 3457 427 3518 dominus
438 3464 603 3520 constanter
615 3467 790 3536 occurreret,
804 3467 832 3521 et
847 3460 922 3522 bono
934 3461 1035 3542 sponte
1048 3458 1198 3534 servando,
1211 3464 1240 3519 et

258 3580 272 3620 c<
296 3562 371 3622 maio
386 3562 487 3641 sponte
502 3561 634 3625 vitando:
652 3563 785 3643 quoniam
800 3566 923 3641 stolide,
940 3561 1239 3643 positumsubjudicio

257 3684 272 3724 c
295 3665 357 3741 Dei,
380 3664 529 3746 oportebat
546 3668 656 3745 justum
673 3666 742 3729 illud
758 3667 871 3729 efficere
885 3667 921 3728 de
937 3664 1046 3725 arbitrii
1060 3663 1106 3724 sui
1123 3664 1239 3741 merito,

258 3787 272 3826 ι(
296 3767 377 3829 liberi
401 3767 518 3830 scilicet.
536 3769 689 3845 Caeterum,
707 3787 760 3830 nec
782 3769 850 3830 honi
877 3755 1019 3829 nec'mali
1039 3783 1151 3828 merces
1170 3768 1238 3846 jure

261 3891 275 3929 u
298 3879 467 3951 pensaretur
488 3872 513 3934 ei
534 3873 583 3952 qui
606 3878 655 3933 aut
669 3871 761 3932 bonus
782 3877 832 3930 aut
851 3868 943 3930 malus
956 3868 1125 3930 necessitate
1138 3867 1241 3929 suisset

261 3994 275 4032 c
298 3975 440 4051 inventus,
466 3995 522 4038 non
538 3977 693 4040 voluntate.
715 3973 746 4033 In
767 3973 822 4032 hoc
840 3979 869 4034 et
882 3971 926 4032 lex
940 3970 1091 4032 constituta
1113 3975 1167 4045 est,
1182 3987 1240 4030 non

261 4096 275 4135 c
298 4078 460 4155 excludens,
470 4079 518 4139 sed
530 4079 653 4159 probans
665 4077 836 4154 libertatem,
848 4077 883 4139 de
895 4073 1031 4153 obsequio
1041 4073 1240 4153 spont'epraes·
