3200 5067
401 503 434 552 ab
680 499 720 550 [ab
737 501 766 562 Q.
785 499 813 548 S.
831 500 859 549 F.
879 498 1102 550 annibaliano

400 633 471 678 sano
485 613 690 695 persuadeatur
712 611 883 692 platonicam
905 611 982 673 illam
1001 611 1139 687 animam,
1161 610 1306 675 divinitate
1326 613 1381 677 do·

400 725 509 795 naban,
524 716 561 780 ab
577 716 655 778 omni
670 720 803 797 passione
811 716 946 791 alienam,
961 721 1086 795 tempus,
1102 714 1149 776 ersi
1162 722 1277 777 terrena
1289 717 1381 797 snbji-

400 821 527 899 ciuntur,
543 839 601 883 non
612 821 776 899 habentem,
795 820 944 884 oblivionis
957 819 1378 900 essecapaoem‘lllaecomnia,

401 934 433 988 nt
446 934 554 989 nostrae
567 926 671 988 anianae
686 932 848 1004 congruunt
867 923 979 985 initium
998 922 1125 999 babenti,
1143 923 1213 984 naa
1232 923 1381 1004 platonicis

401 1031 551 1093 animabus
569 1030 703 1106 arcenda,
723 1038 754 1090 ut
776 1047 841 1109 quae
862 1045 945 1089 suam
969 1025 1025 1088 illis
1047 1026 1220 1088 divinitatem
1241 1027 1379 1090 adimant.

402 1134 483 1211 llein,
498 1134 523 1196 si
537 1133 640 1196 animm
653 1135 754 1194 natura
769 1116 917 1212 compotes
930 1138 996 1193 sunt
1013 1130 1155 1208 ideamm‚
1170 1132 1308 1194 namralis
1321 1134 1382 1196 baec

401 1237 518 1300 scientia
531 1255 689 1317 numquam
702 1235 823 1313 excidet,
838 1254 904 1316 quae
922 1253 959 1297 ne
974 1235 1006 1297 in
1025 1235 1123 1298 bestiis
1136 1236 1252 1316 quidem
1271 1236 1379 1298 denen.

403 1363 419 1404 a
440 1341 528 1403 Plane
548 1341 728 1404 obliviscetur
749 1339 869 1402 feritatis
889 1339 951 1417 leo,
975 1341 1200 1404 mansuetudinis
1223 1342 1381 1404 eruditione

403 1465 419 1505 c
441 1453 618 1528 praeventus;
641 1454 761 1536 etpcum
776 1453 836 1507 toto
856 1452 991 1522 suggestu
1010 1446 1160 1527 jubarum,
1180 1447 1316 1510 delicium
1333 1448 1382 1510 liet

402 1571 418 1610 s
440 1550 591 1616 Berenices
605 1550 725 1631 alicujus
743 1550 861 1628 regina,
884 1550 981 1628 lingui
1002 1568 1090 1629 genas
1111 1552 1175 1631 ejus
1197 1552 1377 1613 emaculans:

403 1673 419 1713 c
441 1670 536 1714 mores
551 1653 671 1715 bestiam
679 1654 852 1732 relinquent,
866 1652 984 1716 scientia
993 1655 1165 1716 naturalium
1182 1655 1377 1736 permanebit:

403 1777 419 1817 c
440 1775 498 1818 non
513 1756 693 1844 obliviscetur
715 1757 791 1820 idem
815 1757 988 1819 naturalium
1009 1757 1192 1837 pabulorum,
1208 1759 1379 1820 naturalium

400 1881 418 1922 u
440 1861 652 1938 remediorum,
677 1861 850 1922 naturalium
876 1867 1031 1923 temeram
1055 1856 1177 1924 Perinde
1202 1869 1231 1923 et
1251 1861 1377 1940 bomini,

403 1987 419 2028 a
441 1965 569 2029 omnium
599 1966 695 2028 forsan
718 1964 954 2042 obliviosissimo,
979 1964 1158 2027 inobliterata
1189 1966 1380 2046 perseverabit

401 2091 419 2132 a
440 2072 500 2146 sola
514 2070 631 2133 scientia
647 2069 833 2142 naturalium,
847 2077 882 2142 ¹ut
904 2070 965 2131 sola
978 2069 1085 2130 scilicet
1105 2070 1254 2146 naturalis,
1269 2087 1381 2132 memor

403 2195 419 2235 c
440 2193 555 2255 semper
568 2175 757 2236 manducandi
770 2173 800 2235 in
820 2174 926 2250 esurie,
941 2180 971 2235 et
988 2172 1105 2236 bibendi
1126 2172 1229 2250 insiti,
1249 2180 1279 2234 et
1290 2174 1381 2236 oculis

401 2279 605 2356 «videndum,
630 2285 660 2340 et
684 2277 800 2341 auribus
824 2278 1049 2341 audiendum...
1077 2275 1178 2354 igitur,
1200 2275 1224 2336 si
1243 2276 1379 2337 naturalis

404 2379 556 2442 «seientia
580 2379 754 2442 sensualium
781 2387 940 2461 permanet,
970 2379 1114 2460 quomodo
1134 2379 1379 2455 intellectualium,

404 2500 506 2562 aquae
527 2483 620 2562 pblior
645 2482 778 2559 babetur,
802 2482 947 2544 intercidit
970 2481 1040 2560 (l)‘l
1064 2501 1079 2543 s
1106 2479 1171 2543 Jam
1193 2482 1277 2566 qnod·
1289 2482 1380 2559 aiunt,

402 2583 571 2647 oblivionem
583 2604 618 2647 ex
631 2585 813 2648 multitudine
826 2586 1038 2649 intervenientis
1050 2586 1186 2666 temporis
1198 2587 1280 2664 oriri,
1291 2594 1381 2648 toturn

401 2694 448 2765 est
459 2687 605 2750 alienum:
622 2688 761 2770 temporis
774 2690 851 2751 enim
866 2689 1019 2752 multitudo
1039 2691 1111 2752 nibil
1123 2691 1160 2752 ad
1173 2691 1300 2754 animam
1312 2709 1381 2772 per-

402 2791 483 2868 tinet,
502 2811 567 2872 quae
580 2793 675 2854 innata
689 2800 718 2856 et
734 2795 813 2854 extra
823 2785 949 2873 ¹tempus
965 2793 1056 2874 posita
1070 2794 1198 2872 lingitur.
1216 2793 1278 2856 Nee
1288 2793 1381 2856 credi-

401 2895 487 2956 bilius
505 2896 572 2957 buic
594 2895 726 2958 oblivioni
747 2896 877 2977 eorporis
898 2896 1048 2958 materiam
1071 2897 1099 2957 in
1123 2900 1208 2959 causa
1229 2914 1312 2959 esse:
1332 2899 1382 2977 qut

401 2999 477 3060 enim
491 3017 594 3079 corpus
606 2999 825 3061 reminiscendis
837 2999 977 3075 officeret,
990 3001 1056 3061 crim
1073 3018 1167 3080 neque
1179 2999 1315 3076 naturali,
1331 3019 1382 3061 cu-

399 3104 447 3180 jas
462 3109 503 3163 tot
516 3107 611 3164 extant
626 3102 809 3178 documenta,
830 3101 994 3164 divinationi
1009 3102 1102 3178 obsit,
1118 3121 1212 3183 neque
1224 3104 1380 3165 multorum

402 3204 594 3266 firmissimam
607 3204 743 3286 impediat
759 3203 1008 3266 recordationem?
1022 3204 1184 3283 Postremo,
1200 3203 1382 3287 pueri'potis-

402 3305 520 3380 simum,
537 3312 634 3386 utpote
647 3307 824 3370 recentiores
844 3306 959 3384 animae,
975 3309 1039 3371 vitae
1053 3309 1157 3391 prioris
1171 3310 1318 3373 recordari
1332 3310 1382 3373 de-

402 3408 514 3484 berent,
527 3409 604 3487 quod
614 3409 698 3486 longe
712 3410 795 3472 aliter
806 3411 920 3474 evenire
931 3411 1075 3474 cernimus
1090 3413 1150 3493 (2).
1164 3468 1168 3470 ,

441 3507 520 3571 ldem
534 3508 624 3570 robur
639 3512 901 3590 argumentationis,
914 3514 1067 3576 verborum
1079 3515 1192 3595 copiam
1205 3523 1234 3578 et
1246 3518 1382 3579 emtionis

403 3612 511 3673 lumina
525 3611 668 3674 interddm
678 3612 815 3676 adhibere
824 3632 882 3676 non
896 3615 1085 3695 dedignantis,
1101 3617 1305 3700 Pythagorica,
1320 3621 1384 3684 Pla·

402 3715 515 3793 to'nirae,
527 3714 629 3779 Stoica
643 3716 792 3796 hypothesi
800 3717 837 3780 de
846 3719 948 3780 animis
956 3728 1021 3799 post
1034 3728 1111 3782 certa
1120 3723 1282 3805 temporum
1292 3725 1382 3806 spatia

401 3819 543 3896 redivivis,
551 3819 704 3900 Septimius
714 3821 841 3900 opponit.
851 3821 910 3883 Nec
918 3823 1061 3886 immeritb
1073 3843 1080 3885 :
1090 3826 1295 3906 periclitabitur
1303 3827 1380 3889 enim

434 4017 467 4110 n)
483 4047 518 4097 ne
533 4045 675 4109 annau
740 4101 742 4106 ,

435 4136 468 4200 (a)
482 4138 525 4188 ra.
539 4138 575 4188 ab.
