3200 5067
372 485 419 537 lbi
647 480 687 536 ΒΕ
705 485 734 549 Q.
753 486 779 537 S.
797 485 825 536 F.
844 479 1061 539 TEll'l’leblhll'O

367 607 398 663 ut
412 600 514 664 saltem
529 598 694 662 inevitabilis
711 600 812 682 judieii
834 601 1058 664 recordationem
1080 599 1212 663 inebriati
1225 601 1339 665 amitte*

365 713 439 768 rent.
454 704 511 767 Pro
526 707 653 768 materut
667 704 714 767 itta
733 705 864 770 Ecclesiae
881 707 1079 786 sollieitudine,
1095 726 1182 770 onera
1199 709 1337 791 cujusque

360 810 523 876 ,secundnm
538 812 722 873 humerorum
745 811 937 877 infirmitatem
960 811 1148 889 moderantis,
1163 813 1338 876 intolerabile

365 919 467 998 jugum
485 916 529 978 his
550 935 612 998 quae
633 915 707 978 Deus
728 915 892 978 edomandae
915 915 993 976 carni
1017 915 1151 998 praecepit
1174 917 1336 980 adderetur.

367 1021 422 1084 Pro
437 1022 483 1084 illa
496 1021 650 1085 fortissimi
667 1020 817 1102 prudentit
832 1021 888 1100 qua
907 1037 1020 1101 semper
1040 1020 1165 1101 episcopi
1179 1039 1246 1084 snos
1268 1023 1337 1084 hor-

367 1127 417 1188 tati
434 1133 500 1189 sunt
522 1132 564 1204 ut,
588 1125 790 1206 persecutionis
810 1125 947 1204 impetum
972 1123 1133 1188 constanter
1157 1126 1335 1208 excipientes,

365 1231 473 1293 inutilia
487 1238 583 1292 tamen
596 1229 718 1311 perinde
740 1229 871 1305 vitarent,
893 1246 992 1291 omnes
1006 1229 1138 1310 jugulum
1152 1231 1282 1292 mucroni
1293 1231 1336 1292 ol·

366 1337 441 1398 serre
454 1343 483 1396 et
496 1335 603 1396 temere
614 1333 645 1395 in
660 1332 797 1415 supplicia
811 1351 895 1394 ruore
906 1333 1088 1415 juberentur.

404 1438 472 1501 lnde
487 1437 710 1500 Christianorum
724 1437 862 1501 exercitus
876 1439 906 1500 in
921 1439 978 1502 duo
992 1441 1073 1522 quasi
1087 1448 1179 1504 castre
1190 1442 1335 1505 scindere·

366 1553 422 1607 tur.
433 1544 499 1622 Atti,
516 1563 578 1626 qus
591 1561 657 1625 pars
671 1544 754 1623 longe
767 1546 876 1625 major,
891 1553 1041 1628 postquam
1060 1546 1133 1624 sibi,
1147 1555 1180 1608 ut
1192 1549 1274 1624 solet,
1286 1548 1334 1609 ni*

362 1650 452 1714 midm
469 1651 597 1728 fidentes,
612 1657 640 1712 et
655 1649 805 1731 splendore
824 1651 959 1715 doctrinae
978 1652 1087 1732 allecti,
1102 1653 1217 1733 vestigia
1231 1652 1334 1715 Christi

363 1755 525 1838 aliquandiu
547 1756 634 1818 sconti
655 1755 759 1834 lorent,
777 1775 843 1818 mox
856 1757 1079 1820 defervescerent
1096 1765 1125 1820 et
1145 1758 1226 1840 quasi
1239 1759 1335 1838 defice-

363 1869 425 1922 reot
436 1860 468 1922 iu
481 1861 545 1932 oid;
561 1878 614 1923 nec
628 1862 738 1922 tantvlm
748 1860 847 1922 inutile
860 1861 931 1924 illud
944 1881 1017 1924 unus
1029 1862 1213 1944 deponerent,
1224 1865 1241 1925 d
1254 1882 1334 1926 novae

363 1966 433 2045 legis
448 1965 598 2029 Pharisaeis
615 1965 814 2044 excogitatum,
836 1967 887 2029 sed
908 1974 996 2030 totam
1010 1976 1174 2032 excuterent
1191 1969 1333 2048 Evangelii

361 2072 464 2151 legem,
488 2071 628 2153 adquam
651 2071 698 2133 illa
722 2089 835 2153 quoque
858 2073 1000 2153 pertinere
1017 2073 1232 2137 arbitrarentur.
1248 2073 1333 2137 Pauci

364 2179 442 2252 verb,
466 2176 556 2238 terrea
579 2176 698 2259 quddam
720 2181 820 2238 natura
840 2179 961 2259 praediti,
976 2186 1005 2241 et
1023 2181 1057 2241 eb
1070 2187 1230 2256 rectorum,
1248 2181 1332 2242 etiam

362 2281 526 2357 nimiorum,
549 2281 763 2363 pervicaciores,
785 2284 843 2364 qud
865 2301 897 2344 se
919 2282 1046 2362 ignavids
1066 2284 1144 2365 plebs
1163 2284 1332 2348 circunllusa

364 2385 393 2444 in
408 2385 481 2445 mala
495 2383 568 2446 trahi
580 2393 734 2467 pateretur,
749 2405 820 2468 quas
835 2389 957 2470 amplexi
970 2389 1062 2451 lorent
1075 2398 1171 2470 partes
1183 2390 1332 2453 defendere

355 2475 591 2570 perseverarent:
608 2491 740 2571 cumque,
756 2491 905 2570 ingruente
924 2493 1064 2573 contagio,
1080 2495 1157 2555 nulla
1170 2495 1224 2557 alia
1235 2486 1332 2558 salutis

360 2594 404 2656 via
424 2601 530 2676 pateat,
551 2597 634 2676 quim
652 2596 676 2657 si
689 2598 705 2657 a
720 2597 886 2678 corporibus
905 2598 970 2660 tabe
989 2599 1098 2661 iniectis
1111 2600 1269 2678 secedatur,
1285 2621 1332 2664 sa-

361 2699 469 2781 pientes
482 2698 521 2761 illi
536 2718 567 2762 se
581 2702 597 2762 a
611 2703 693 2779 vulgo
708 2702 825 2781 prorsds
839 2702 1030 2781 extraherent,
1046 2703 1258 2786 habitarentque

559 2902 630 2954 Edita
644 2903 757 2956 doehiut
770 2906 912 2970 sapientum
928 2908 1022 2972 templa
1034 2922 1133 2973 serena,

362 3094 414 3155 sibi
434 3093 506 3155 lortd
529 3093 624 3172 utiles,
648 3094 698 3156 sed
721 3095 849 3156 humenis
867 3097 944 3157 rebus
964 3099 1079 3161 omnint
1098 3100 1272 3180 infructuosi.
1290 3102 1331 3164 ltd

355 3197 435 3265 inter
464 3196 633 3278 Epicureum
663 3215 797 3276 gregem,
825 3197 983 3262 Stoicorum
1010 3211 1160 3284 appareret
1183 3205 1328 3286 paucitas,

362 3301 510 3386 Christiani
538 3305 605 3364 verb
638 3304 777 3383 nusquam
804 3304 1007 3368 invenirentur.
1037 3307 1144 3371 Stoicos
1171 3310 1247 3372 enim
1273 3330 1330 3374 non

361 3405 534 3466 Christianos
548 3405 610 3466 dico
625 3425 695 3487 quos
714 3406 772 3468 lena
790 3408 919 3488 quaedam
938 3412 1116 3492 superbaque
1128 3413 1216 3476 virtus
1231 3417 1266 3477 eb
1279 3416 1331 3478 ad-

361 3509 438 3570 ducit
451 3513 482 3570 ut
495 3508 595 3570 fratres
604 3527 681 3586 snos,
694 3510 845 3573 humiliore
853 3512 979 3592 quidem,
991 3515 1042 3578 sed
1053 3518 1219 3596 evangelica
1235 3527 1330 3582 tamen

360 3613 414 3692 legi
430 3615 618 3675 consentanei
632 3614 778 3676 honestate
792 3622 949 3695 contentos,
964 3627 1147 3684 contemnant
1159 3631 1187 3684 et
1201 3625 1330 3686 conviciis

361 3727 491 3796 onerent,
514 3736 669 3800 eorumque
693 3726 866 3798 contactum,
883 3729 1017 3802 tanquam
1033 3724 1117 3803 gulae,
1135 3725 1327 3808 impudicitiae,

360 3821 476 3901 ignaviae
497 3822 696 3900 notandorum,
719 3823 869 3902 refugiant.
891 3824 977 3904 Ergo,
999 3829 1065 3890 crim
1084 3848 1119 3890 ex
1136 3829 1183 3891 illa
1204 3830 1330 3912 Septimii

359 3925 506 3988 severitate
528 3934 694 3988 eventurum
718 3935 791 3990 esset
814 3935 845 3990 ut
867 3931 1012 3994 omnibus·
1025 3932 1163 3997 destinata
1182 3935 1280 4014 religio
1300 3936 1330 3999 in

360 4047 515 4109 paucorum
531 4030 667 4096 scutulam
686 4039 887 4112 coarctaretur,
903 4053 957 4098 nec
977 4036 1130 4119 quidquam
1145 4039 1181 4102 ad
1201 4039 1331 4121 publico-

359 4153 423 4198 rum
444 4154 557 4200 morum
571 4137 676 4200 valeret
689 4137 928 4220 informationem,
949 4142 1013 4223 quis
1030 4143 1149 4206 miretur
1162 4143 1246 4206 unius
1259 4163 1329 4206 auc-

1581 832 1589 927 l
