3200 5067
329 526 332 529 ,
360 475 408 526 tlt
641 461 1059 534 suparabundantem

357 587 448 649 cimus
470 582 659 650 documentis.
686 580 750 661 lpsa
772 577 920 660 Septimii,
939 579 1001 658 jam
1027 575 1175 653 baeretici,
1197 577 1259 655 jam
1280 575 1339 636 suis

356 689 463 767 infesti,
480 687 642 751 testimonia
657 687 833 762 invocamus,
849 683 983 764 ipsosque
999 680 1088 744 libros
1103 699 1176 760 quos
1190 680 1254 742 ideb
1271 699 1341 742 con·

357 794 481 876 scripsit,
492 801 524 856 ut
532 791 621 854 bilem
630 789 660 852 in
671 789 814 870 psychicos
822 788 881 850 sive
891 787 1025 849 animales
1033 771 1170 867 (sicenim
1183 785 1343 849 Catholioos

306 967 315 984 ,
358 895 532 979 appellabat)
553 900 719 975 conceptam
739 892 913 954 effunderet:
930 891 970 953 nil
989 891 1029 952 eis
1048 890 1132 969 objici
1146 890 1252 952 videbis
1265 890 1342 969 quod

358 1003 374 1062 d
388 1001 539 1082 purissima
561 997 709 1060 sanctitate
724 1013 850 1072 morum,
865 994 971 1055 neddm
986 994 1003 1053 a
1016 992 1161 1055 communi
1180 993 1338 1064 honestate,

341 1173 345 1180 .
359 1102 483 1164 alienum
498 1099 740 1181 deprehendatur,
755 1098 930 1176 multosque,
948 1095 1052 1177 quales
1062 1093 1197 1157 describit
1209 1095 1339 1156 sui'tem-

358 1205 435 1286 poris
447 1203 596 1284 psychicos,
616 1209 714 1262 nostro
732 1200 842 1262 ostendi
856 1200 961 1263 mento
975 1198 1096 1279 optabis.

397 1309 464 1385 Alii,
489 1308 523 1369 B.
550 1307 723 1386 Hieronymo
750 1311 880 1379 auctam,
903 1303 1074 1385 Septimium
1097 1304 1210 1380 lerunt,
1236 1304 1338 1366 invidia

358 1413 427 1476 cleri
441 1411 562 1474 Romani
577 1409 788 1484 exacerbatum,
797 1407 835 1468 ab
851 1407 959 1469 unitate
973 1407 1133 1470 descivisse.
1145 1406 1252 1480 Quibus
1262 1408 1338 1469 haud

358 1515 457 1578 absum
474 1521 505 1575 ut
520 1512 683 1575 assentiam.
698 1510 861 1590 Numquam
884 1509 961 1571 enirn
984 1509 1054 1571 mihi
1075 1510 1254 1591 persuadebo
1272 1517 1339 1572 tan-

358 1627 420 1681 tum
436 1617 561 1680 veritatis
574 1618 683 1693 lumen,
698 1615 760 1678 sine
775 1615 897 1676 maxima
913 1613 1001 1676 totius
1014 1613 1101 1674 animi
1114 1614 1337 1695 perturbatione,

357 1721 540 1783 restinctum.
554 1719 661 1782 Errare
675 1718 750 1781 enim
771 1717 802 1778 in
818 1736 875 1780 uno
891 1723 939 1778 aut
960 1717 1051 1782 altero
1066 1719 1195 1781 omniurn
1212 1726 1266 1796 est,
1287 1737 1340 1781 nec

358 1825 442 1887 aliam
455 1824 547 1906 poscit
566 1841 682 1885 eausam
700 1823 787 1902 quarn
809 1821 964 1900 ingenitam
986 1822 1113 1885 humano
1130 1822 1243 1902 ingenio
1258 1821 1343 1883 intir-

358 1930 503 1992 mitatem:
519 1946 678 2012 paucorum
693 1929 772 2004 verb,
788 1927 824 1988 ab
845 1927 908 2008 ipsa
927 1926 1054 1990 veritatis
1067 1929 1164 2008 regula
1185 1929 1298 2010 penitvls
1311 1937 1340 1989 et

358 2034 388 2094 iu
408 2033 571 2096 universum
590 2033 725 2108 deficere,
746 2037 929 2112 mentemque
952 2032 1115 2114 plenissima
1135 2032 1256 2094 antebac
1275 2032 1340 2094 luce

357 2138 541 2216 illustratam,
558 2139 586 2199 in
599 2135 783 2200 densissimas
806 2135 899 2198 delabi
919 2137 1062 2199 tenebras.
1078 2136 1160 2210 Qubd
1174 2137 1199 2199 si
1216 2137 1340 2214 singulo

356 2260 422 2304 rum
435 2242 584 2304 historiam
601 2249 695 2303 meum
710 2241 849 2318 revolvas,
864 2247 915 2302 aut
927 2241 1070 2324 voluptate
1081 2241 1202 2320 illectos,
1217 2249 1250 2303 ut
1263 2241 1340 2306 Hen-

357 2345 450 2407 rioum
465 2345 602 2424 Anglmn,
617 2350 667 2405 aut
681 2343 815 2428 superbia
836 2344 973 2424 pertinaci
990 2345 1159 2424 anmatos,
1176 2356 1204 2408 et
1220 2347 1339 2428 alicujus

358 2449 470 2530 inJ'uriae
483 2445 619 2530 opinioric
641 2457 840 2529 exasperatos,
858 2457 891 2512 ut
906 2451 1076 2527 bulherum,
1093 2450 1339 2530 invenissetque

255 2567 257 2572 ’
359 2553 467 2616 utinam
486 2571 544 2615 non
558 2561 657 2614 nostra
679 2571 794 2635 quoque
809 2561 942 2634 tempora
962 2555 1166 2619 documentum
1179 2553 1340 2618 attulissent

358 2664 479 2738 quantas
490 2657 521 2720 in
532 2657 643 2737 magnis
656 2658 813 2736 mentibus,
832 2658 883 2720 sed
895 2661 939 2720 sul
953 2659 1019 2740 plus
1029 2678 1112 2741 aequo
1121 2659 1223 2741 plenis,
1235 2678 1339 2740 super-

358 2761 404 2824 bia
418 2761 513 2825 clades
527 2769 674 2843 operetur,
689 2761 738 2824 ubi
752 2762 821 2840 illae,
838 2771 956 2845 propter
969 2763 1095 2843 aliquam
1108 2764 1265 2844 repulsam,
1281 2764 1339 2826 sive

354 2868 434 2945 jura
445 2867 503 2932 sive
516 2866 671 2944 immerite,
687 2873 846 2947 acceptam,
864 2867 1035 2929 exarserint!

397 2957 473 3052 Flrgd
487 2971 529 3034 ira
542 2972 687 3036 hominem
700 2971 782 3033 antea
792 2969 1069 3050 perspicacissimum
1082 2976 1117 3035 eb
1127 2973 1259 3037 amentiae
1272 2991 1338 3054 per-

356 3074 446 3152 duxit,
463 3093 521 3136 non
539 3083 572 3136 ut
585 3075 812 3154 argumentando
829 3075 920 3156 (quod
940 3076 1057 3138 minime
1079 3076 1215 3156 mirarer)
1230 3076 1338 3158 decipi-

356 3187 448 3256 retnr,
464 3179 514 3241 sed
528 3187 560 3240 ut
571 3198 603 3240 se
619 3179 710 3260 (quod
722 3181 814 3241 moltb
827 3181 953 3261 turpius)
969 3180 1155 3258 mulierculis,
1173 3180 1284 3242 somnia
1297 3181 1338 3242 la-

356 3281 493 3362 bulasque
504 3282 666 3359 divinorum
682 3284 865 3347 oraculorum
880 3285 997 3347 nomine
1010 3284 1231 3364 venditantibus,
1246 3291 1336 3347 totum

357 3391 386 3446 et
401 3385 483 3464 quasi
497 3385 621 3448 vinctum
638 3389 775 3451 traderet.
791 3389 866 3451 lllud
883 3391 960 3453 enirn
974 3389 1026 3450 luit
1040 3388 1126 3451 totius
1142 3396 1226 3451 sectae
1237 3387 1338 3459 lunda-

357 3493 499 3564 mentum,
512 3487 690 3566 Montanum,
706 3497 756 3551 aut
769 3490 863 3571 ipsum
880 3510 933 3573 pro
945 3492 1091 3554 Paracleto
1103 3493 1278 3567 babendum,
1288 3502 1338 3579 aut

356 3588 534 3654 dParaoleto
549 3591 662 3674 plenids
676 3595 762 3687 quam
782 3613 956 3676 quemquam
978 3597 1065 3658 alium
1084 3596 1249 3672 illuminari,
1269 3597 1336 3657 item
1386 3675 1389 3679 ¹

356 3693 458 3759 Priscae
477 3704 506 3759 et
522 3696 681 3760 Maximilla
698 3698 886 3762 revelationes
907 3717 960 3778 pro
980 3700 1053 3761 veris
1072 3693 1249 3780 accipiendas
1269 3717 1338 3778 pro-

356 3800 467 3881 phetiis.
479 3801 577 3865 Cernis
591 3810 716 3884 quantus
729 3821 867 3865 novarum
882 3819 980 3864 rerum
997 3791 1159 3882 proferatur
1172 3808 1335 3882 apparatus.
1419 3834 1422 3838 ·

356 3903 533 3967 Promittitur
544 3907 666 3989 Spiritus
676 3910 757 3990 cujus
771 3909 799 3970 id
816 3907 942 3969 muneris
955 3914 998 3968 est
1012 3912 1043 3966 ut
1058 3922 1111 3966 nos
1125 3923 1233 3965 omnem
1245 3905 1339 3964 docem

355 4014 506 4074 veritatem.
524 4014 600 4094 Ergb
615 4017 751 4096 quantum
772 4013 955 4092 Evangelium
971 4012 1095 4093 antiquae
1108 4009 1192 4072 blesis
1211 4007 1337 4088 discipli·

357 4131 411 4193 nae,
430 4117 538 4178 lantum
555 4118 706 4197 Evangelio
728 4137 806 4181 novae
823 4117 969 4181 distabunt
986 4116 1189 4179 revelationes:
1205 4113 1337 4192 bonaque
