3200 5067
336 469 384 521 tto
613 463 654 514 DE
671 465 701 526 Q.
719 463 744 514 S.
765 463 793 512 F.
812 461 1030 513 Tuuwttlluo

375 581 407 640 l·
420 577 563 659 llelinquit
576 576 624 658 quii
638 575 732 640 divino
745 576 884 657 permissu
898 575 1000 651 utitor,
1012 582 1083 637 eten
1094 593 1153 637 non
1162 575 1243 656 eligit
1250 595 1315 657 quae

108 665 111 670 ⁵
187 671 189 676 ¹
218 716 239 749 ·.
335 685 410 746 Deus
423 682 573 764 proponit.
588 679 701 742 Etenim
717 697 733 739 u
747 695 780 740 ex
794 676 968 756 indulgentid
981 684 1026 739 est
1037 677 1238 759 quodcumque
1250 698 1317 760 per·

337 777 353 849 Ι(
374 787 496 850 mittitur
507 803 522 848 t·
533 803 598 866 quae
618 783 669 846 etsi
690 782 751 844 sine
765 781 910 843 voluntate
923 799 982 842 non
1002 787 1058 857 est,
1068 781 1140 862 ¹quin
1153 789 1249 844 minen
1262 782 1317 844 ali-
1435 814 1437 819 ·

336 913 350 951 o
374 909 460 972 quam
477 890 563 953 habet
585 906 699 950 eausam
718 887 746 948 in
769 886 818 947 illo
833 885 880 947 eui
893 883 1068 963 indulgetur,
1086 885 1166 965 quasi
1181 886 1217 946 de
1230 886 1315 947 inuitd

336 1014 351 1054 u
374 995 450 1056 venit
469 992 625 1069 voluntate,
647 992 729 1072 passi
745 1006 859 1051 eausam
883 989 940 1066 sui,
960 1005 1026 1068 quae
1039 987 1115 1064 cogit
1127 989 1313 1050 voluntatem.
1347 1045 1351 1050 .

337 1118 352 1157 u
373 1097 442 1159 Vide
456 1096 547 1177 qualis
560 1095 597 1157 sit
610 1094 851 1173 voluimus,.eujus
864 1092 937 1154 ulter
951 1099 994 1154 est
1006 1107 1131 1154 coust...
1153 1090 1316 1154 Dubiumne
1390 1142 1394 1148 .

336 1223 350 1260 u
374 1208 418 1263 est
439 1200 522 1264 nobis
539 1217 572 1262 ee
593 1198 726 1263 sectando
749 1213 812 1258 esse
832 1213 896 1276 quae
915 1196 1032 1273 mavult,
1047 1196 1113 1258 edm
1132 1215 1197 1276 quae
1215 1195 1315 1257 minuis

336 1326 351 1366 o
374 1306 433 1368 vult
445 1305 512 1386 quie
525 1303 578 1366 eliu
593 1302 682 1381 magis
697 1301 756 1364 vult
768 1299 887 1381 perinde
900 1299 1031 1362 habende
1044 1300 1102 1374 sint
1120 1306 1206 1381 atque
1219 1300 1243 1361 si
1262 1305 1315 1362 no‘-

335 1431 349 1470 u
373 1410 426 1472 titt
439 1407 511 1470 Nam
526 1408 679 1470 ostendens
700 1405 768 1486 quid
788 1403 879 1481 magis
892 1402 970 1479 velit,
985 1401 1126 1464 minorem
1141 1402 1314 1464 voluntatem

335 1534 350 1573 u
373 1513 484 1592 majore
505 1510 619 1574 deleuit.
637 1509 667 1573 si
687 1509 751 1571 ided
763 1516 918 1589 utramque
931 1490 1103 1569 voluntatem
1119 1507 1271 1569 declaravit
1283 1514 1314 1569 ut

336 1635 350 1675 e
372 1615 402 1678 id
414 1614 531 1676 secteris
541 1612 617 1694 quod
627 1611 717 1690 magis
729 1611 980 1689 vult„sinedubio,
997 1612 1051 1674 nisi
1065 1613 1104 1674 itd
1116 1604 1318 1690 lueis-contri⁴

334 1739 349 1778 u
371 1717 545 1780 voluntatem
558 1717 622 1797 ejus
634 1715 721 1796 sapis,
733 1709 879 1796 magisque
891 1711 1011 1780 offendis
1022 1718 1109 1798 qudm
1127 1717 1311 1799 promereris.

205 1879 210 1889 ,
275 1881 278 1888 ,
335 1821 415 1884 «Ex
428 1828 508 1902 perte
522 1819 678 1900 delinquis,
696 1836 731 1880 ex
744 1825 838 1899 perte,
859 1817 886 1880 si
902 1837 960 1880 nnn
973 1819 1126 1899 delinquis,
1140 1838 1198 1882 non
1217 1827 1313 1883 tumen

335 1944 351 1985 s
373 1925 556 2007 promereris.
571 1922 673 2000 Porrd,
689 1928 718 1984 et
733 1922 892 2004 promereri
903 1923 992 2000 nolle,
1003 1924 1170 2004 delinquere
1177 1932 1223 1986 est
1231 1924 1311 2005 (l).›

334 2030 402 2104 Quis
420 2049 478 2091 non
497 2029 590 2092 videat
608 2027 652 2090 his
666 2027 773 2104 verbis,
789 2026 865 2089 inter
877 2033 1018 2109 precepta
1031 2045 1097 2108 quen
1111 2027 1243 2090 omnibus
1257 2027 1312 2090 im·

333 2140 489 2214 ponuntur,
512 2141 541 2196 et
561 2132 678 2196 oonsilio
699 2151 763 2222 quae
783 2131 880 2212 paneis
900 2137 1114 2212 proponuntur,
1139 2138 1230 2193 totum
1253 2129 1313 2221 tulli

233 2267 235 2272 ·
333 2237 497 2312 tliscrimen,
520 2242 605 2316 etque
625 2235 699 2296 hene
720 2233 798 2310 lure,
821 2235 846 2295 si
866 2233 993 2316 Septimii
1013 2236 1152 2298 sententio
1174 2236 1310 2313 obtinent,

334 2337 558 2400 Christianorum
572 2337 776 2426 conditionem,
795 2345 837 2415 ut,
853 2338 883 2399 ni
896 2331 1042 2400 summum
1061 2337 1229 2417 evangelice
1243 2356 1312 2420 per-

327 2442 462 2506 lectinnis
476 2443 589 2504 culmen
606 2441 761 2521 attigerint,
771 2443 868 2506 statim
890 2441 919 2504 in
931 2442 1099 2505 barathrum
1113 2443 1221 2524 peemti
1233 2443 1312 2505 deei-

333 2549 412 2610 dent.
422 2547 587 2628 iamneque
594 2546 694 2629 primis
703 2556 837 2628 parcetur
848 2547 968 2629 nuptiis,
978 2565 1101 2628 quarum
1115 2546 1310 2610 eodemlermd

333 2652 456 2714 conditio
469 2659 530 2728 est3
551 2651 684 2714 omnibus
698 2650 727 2713 in
738 2651 851 2714 deserta
864 2651 1084 2730 eonlngiendum
1097 2652 1173 2726 erit3
1190 2650 1311 2731 optimu·
1373 2634 1375 2637 ⁵

333 2772 388 2834 que
396 2756 463 2834 jure
477 2773 576 2817 omnes
591 2754 716 2817 civitates
727 2755 756 2817 id
769 2773 861 2834 genus
873 2754 1034 2832 hominum,
1049 2755 1191 2834 sylvicolae
1204 2763 1233 2818 et
1245 2775 1313 2820 eeu·

331 2856 369 2919 len
376 2859 439 2920 nite
452 2859 513 2940 (¹2),
528 2859 593 2922 odio
607 2859 763 2922 habebunt.

372 2967 405 3020 2⁰
426 2961 562 3026 &eunde
585 2962 703 3044 nuptiae,
719 2963 820 3026 eidem
834 2966 891 3044 qud
905 2970 1003 3046 stupra
1020 2965 1095 3044 lege,
1110 2965 1309 3047 prohibentur.

334 3088 349 3128 r
372 3067 400 3129 Si
424 3067 535 3148 penitus
549 3066 678 3147 Apostoli
689 3085 790 3128 sensus
803 3067 1037 3148 interpretemur,
1052 3086 1110 3131 non
1123 3069 1201 3130 aliud
1213 3069 1311 3131 dieen-

334 3190 349 3257 ᾳ
372 3161 441 3234 dum
465 3171 520 3234 erit
547 3169 704 3232 seeundum
727 3171 946 3244 matrimonium
964 3174 1051 3252 qudm
1071 3173 1180 3254 speeies
1206 3171 1308 3253 stupri.

334 3292 349 3332 u
372 3271 465 3344 Quum
481 3273 557 3334 enim
570 3273 644 3334 dicet
656 3271 773 3338 meritos
785 3275 881 3337 hocin
894 3275 1311 3356 sollieitudineheberequem·

333 3395 349 3435 r
371 3374 525 3436 edmoddm
541 3373 676 3436 uxoribus
688 3376 830 3455 placeant,
843 3380 944 3460 utique
957 3380 994 3442 de
1006 3380 1096 3457 cultu,
1112 3387 1141 3441 et
1154 3387 1268 3458 ornatu,
1282 3387 1311 3441 et

333 3498 348 3540 t
371 3477 450 3540 omni
463 3476 556 3539 studio
569 3477 679 3555 lormae,
695 3478 731 3540 de
743 3479 834 3558 lormd,
846 3489 941 3545 nutem
955 3490 984 3544 et
996 3484 1075 3545 eultu
1088 3484 1202 3565 plaeere
1211 3503 1311 3547 cerno·
1402 3533 1406 3538 .

334 3602 349 3643 <t
371 3581 405 3644 lis
419 3580 657 3664 concupiscentiae
670 3581 815 3660 ingenium
825 3585 873 3661 sit,
886 3605 950 3665 quoe
958 3584 1044 3649 etiarn
1056 3586 1147 3668 stupri
1159 3605 1244 3650 eausa
1254 3595 1308 3664 est,

332 3707 349 3779 t
372 3687 474 3769 ecquid
497 3687 610 3751 videtur
630 3683 681 3750 tibi
702 3688 792 3770 stupri
806 3688 901 3778 ndflne
914 3706 976 3752 esse
989 3689 1146 3751 seeundum
1161 3689 1309 3751 matrimo-

334 3808 349 3849 ‹
371 3792 463 3869 nium,
477 3790 611 3872 quoniam
627 3809 660 3853 ee
679 3790 709 3852 in
723 3791 772 3855 illu
789 3792 971 3874 deprehendo
993 3812 1058 3873 quae
1073 3803 1173 3875 stupro
1192 3812 1309 3874 compe·

366 4019 398 4078 (l)
413 4020 449 4069 lte
463 4019 562 4070 exhort.
578 4020 656 4082 Gust,
673 4019 725 4082 td.

367 4107 401 4172 (l)
420 4109 537 4173 Apolog,
553 4109 622 4172 μῆ.
