3200 5067
481 381 486 390 '
553 404 736 456 muscuuuu
753 403 1013 457 eniucscumcun.
1243 412 1271 462 n

337 516 491 594 Caeterdm,
509 516 595 596 panib
608 517 732 596 pressius
745 517 947 596 interrogatus,
963 519 1052 580 baeret
1067 519 1274 601 Hermogenes,
1296 585 1301 592 ,

296 639 350 686 nec
364 619 450 680 habet
464 618 539 680 unde
549 618 622 680 iilud
637 637 733 696 suum,
749 621 896 686 materiam
907 637 962 680 esse
982 621 1051 681 nuti
1064 624 1209 702 widinen,
1223 626 1276 688 de·

296 725 403 800 iaudat,
422 724 487 785 euim
508 742 655 786 summum
673 723 781 786 bonum
802 732 912 787 constet
931 727 1084 806 essequod
1103 729 1211 791 nullam
1223 731 1277 797 de-

295 826 483 891 minutionem
504 826 597 906 capit,
621 827 754 911 quodque
776 835 916 890 aeternum
938 835 994 905 est,
1016 835 1048 888 ui
1067 827 1156 904 Deus,
1178 838 1209 892 ut
1229 832 1277 894 ille

295 927 454 990 Stoicorum
475 929 603 989 materie.
620 929 669 991 Sin
689 937 785 991 autem
804 937 910 992 aetema
929 938 1049 1010 possunt
1063 931 1094 992 in
1113 933 1195 994 malis
1208 951 1278 996 cen·

295 1031 364 1108 scri,
379 1031 476 1112 quidni
490 1030 546 1092 hec
556 1031 591 1094 dc
604 1031 662 1094 Dea
677 1032 953 1112 quoque-credatur?
963 1033 1114 1111 Praeterea,
1127 1036 1278 1116 insupera.

295 1135 352 1197 bile
371 1143 414 1196 est
436 1134 556 1212 malum,
572 1135 596 1196 si
608 1143 747 1198 aeternum
766 1144 904 1216 penatum
922 1137 1027 1198 frustm
1041 1137 1111 1201 illud
1124 1139 1226 1202 tollere
1242 1141 1278 1203 de

295 1237 376 1300 nobis
396 1237 573 1317 laboramus
599 1239 676 1320 quod
697 1257 789 1320 usque
810 1238 1006 1319 permanebit,
1028 1246 1056 1301 et
1074 1240 1179 1321 injurie
1195 1243 1279 1324 punit

294 1342 369 1404 Deus
383 1362 446 1424 quae
460 1343 495 1405 dc
509 1344 675 1408 necessitate
689 1343 832 1406 criuntur.
852 1343 934 1416 Qudd
948 1343 973 1404 si
986 1343 1051 1404 finis
1065 1343 1217 1424 aliquandi
1231 1346 1278 1407 fu·

294 1451 374 1506 turus
394 1445 430 1506 sit
453 1445 607 1524 mulorum,
634 1446 798 1526 bonumque
821 1444 992 1506 immortalis
1014 1445 1129 1507 victoria
1149 1454 1274 1524 maneat,

293 1565 411 1610 necesse
439 1556 482 1610 est
515 1549 609 1625 malo,
639 1567 691 1610 seu
718 1547 861 1624 materiae,
890 1553 922 1608 ut
950 1535 1033 1625 finis,
1061 1547 1099 1610 ita
1135 1557 1277 1631 competat

292 1649 414 1710 initium.
447 1648 480 1710 In
507 1651 638 1725 summi,
665 1648 809 1712 aeternitas
835 1649 981 1711 materiam
1009 1649 1075 1712 iacit
1102 1651 1276 1715 inconventi-
1385 1709 1388 1716 .

292 1751 391 1828 bilem,
415 1757 444 1813 et
462 1750 717 1812 indemutabilem:
742 1751 898 1812 demutatio
923 1751 1000 1812 enim
1021 1770 1123 1814 eorum
1147 1761 1191 1815 cst
1212 1772 1276 1834 quae

291 1855 403 1920 initium
426 1853 543 1916 habent.
569 1853 717 1927 Quomodd
741 1853 828 1932 igitur
850 1872 883 1915 es
905 1855 952 1915 iiia
975 1853 1095 1916 materia
1115 1855 1201 1932 malt,
1217 1855 1275 1917 imit

293 1957 427 2036 pessima,
445 1954 521 2018 bona
536 1963 564 2018 et
582 1956 700 2037 optima,
723 1963 755 2016 ut
769 1955 935 2036 Scripturis,
957 1964 989 2018 ut
1003 1956 1072 2037 ipsis
1087 1956 1175 2018 ocutis
1188 1957 1275 2021 dcce-

292 2077 368 2136 mur,
385 2059 458 2122 effici
473 2059 648 2138 potuerunt?
664 2058 693 2120 Si
706 2059 769 2139 quis
779 2059 1029 2137 seminaque-aiam
1039 2058 1145 2120 boniin
1156 2060 1275 2123 natans

291 2162 378 2223 fuisse
392 2162 546 2238 fabuletur,
560 2164 628 2240 crgd
647 2147 772 2243 ncn‘jam
786 2161 862 2223 bona
874 2162 948 2243 ipsa,
963 2163 1036 2224 sicut
1049 2183 1103 2226 nec
1116 2165 1203 2241 mala,
1216 2165 1274 2229 Dec

291 2261 514 2346 deputabuntur,
537 2283 591 2326 nec
605 2265 662 2326 ulla
672 2266 734 2344 Jam
748 2264 841 2342 gratie
859 2264 900 2324 ilii
914 2263 1043 2328 habenda
1058 2267 1122 2344 enit,
1140 2269 1272 2332 manifes-

290 2377 408 2450 tumque
432 2369 492 2446 fiet,
518 2368 599 2430 illum
621 2368 747 2430 materiae
769 2367 936 2430 deservisse.
963 2402 1002 2413 —
1025 2368 1162 2447 instabis,
1181 2369 1273 2433 Deum

290 2473 398 2550 fingens
412 2491 464 2534 suc
480 2470 596 2533 arbitrio
611 2472 647 2533 de
659 2470 767 2552 gremio
779 2471 905 2533 materia
914 2471 988 2533 bona
998 2474 1172 2553 protulisse?
1182 2473 1272 2554 igitur

289 2575 388 2638 eadem
405 2577 459 2638 erit
476 2575 600 2658 conditio
612 2576 752 2652 omnium,
767 2577 886 2656 jamque
902 2576 970 2636 maii
984 2583 1084 2638 auctor
1092 2577 1267 2657 reperietur:

290 2699 341 2742 cus
356 2681 443 2758 enim,
467 2681 542 2743 bona
559 2688 587 2742 et
608 2680 682 2742 mala
697 2680 777 2741 obvia
801 2679 920 2756 hebens,
936 2681 997 2762 baec
1011 2699 1125 2761 quoque
1138 2683 1267 2760 pmtuiit,

289 2799 347 2843 non
360 2782 426 2860 iilis,
442 2789 472 2844 ut
486 2782 607 2860 videtur,
623 2781 794 2843 contentus?
811 2780 893 2854 Qubd
906 2781 930 2843 si
946 2799 1003 2843 non
1017 2799 1051 2842 ex
1066 2782 1183 2844 maten'd
1194 2781 1269 2844 bena

289 2885 417 2963 protulit,
438 2891 526 2946 restat
540 2890 571 2945 ut
584 2902 618 2946 ex
631 2883 720 2944 nihilo
739 2884 885 2945 effecerit:
903 2902 955 2946 cur
968 2887 1036 2963 engd
1050 2903 1108 2946 nou
1125 2885 1220 2947 omnia
1234 2903 1269 2947 ex

288 2987 387 3066 nihilo,
402 2989 426 3050 si
440 2987 546 3070 aliquid
560 3007 594 3050 ex
604 2986 713 3049 nihilo?
726 2985 755 3049 Si
770 2986 847 3049 enim
860 2986 935 3048 mala
949 3005 984 3048 ex
996 2987 1113 3050 materia
1128 2987 1266 3069 producta

287 3093 379 3174 aliqua
400 3081 551 3156 necessitas
574 3099 701 3168 excusat,
723 3091 825 3152 eadem
846 3109 881 3152 ex
902 3089 990 3152 nihilo
1011 3091 1085 3152 sacta
1109 3089 1264 3152 excusabit.

288 3196 327 3258 Ex
342 3197 444 3277 quibus
462 3197 576 3258 tandem
599 3193 776 3257 concluditur
792 3198 881 3254 ictam
895 3200 1010 3256 aterne
1022 3193 1148 3255 materiae
1159 3192 1266 3254 doctri·

287 3319 365 3379 nam,
388 3311 419 3364 ut
433 3303 597 3380 absurdam,
616 3303 655 3362 ita
667 3300 797 3362 inutilem
811 3317 888 3376 esse,
904 3306 933 3360 et
948 3299 1019 3360 nuili
1033 3297 1190 3362 difficultati
1201 3314 1265 3358 res-

286 3407 438 3487 pondere(
459 3408 486 3486 ).

323 3508 387 3572 dam
401 3511 506 3591 aliquid
521 3510 646 3574 uictoriae
657 3517 772 3590 partum
781 3519 842 3590 est.
852 3511 970 3587 Verum,
986 3511 1035 3573 ubi
1048 3512 1138 3572 Deum
1151 3515 1264 3570 creato-

285 3615 691 3696 1·emcs1enderis‚quaeretur
711 3617 727 3676 a
748 3622 776 3677 te
795 3617 863 3696 quid
883 3615 1005 3676 creando
1028 3613 1149 3674 maxime
1162 3613 1262 3673 value-

286 3719 340 3797 rit3
366 3715 464 3800 sicque
478 3719 508 3781 iu
526 3718 720 3797 grauissimam
741 3718 849 3778 incides
867 3723 896 3778 et
915 3718 976 3796 ipse
988 3716 1024 3776 dc
1038 3715 1113 3777 malo
1127 3716 1262 3796 quaestic·

285 3829 374 3882 nem:
399 3841 485 3902 quam
507 3822 639 3902 expedire
668 3824 701 3883 ed
727 3820 817 3896 magis
838 3819 888 3881 tibi
911 3817 1063 3896 incumbit,
1088 3819 1147 3896 qud
1168 3818 1262 3879 acrids

317 4021 352 4088 (1)
367 4024 430 4074 Adv.
446 4025 577 4088 Henmcg,
593 4025 619 4086 ἓξ
634 4023 707 4083 t-t't,
723 3993 828 4084 passim:
880 4076 882 4079 ,
929 4059 932 4063 .
974 4042 990 4077 ·.
