3200 5067
506 510 690 567 OPUSGULUM
707 508 967 565 eutuosoerttctttt.
1193 512 1226 565 te

247 626 325 689 enim
338 627 471 689 humane
486 627 653 707 cognitionis
667 626 818 689 edificium
827 624 1092 706 (ignoscaturnobis
1101 626 1227 689 scholas·

212 728 217 734 ”
246 731 302 793 tice
311 730 507 812 loquentibus)
522 730 551 791 in
566 730 790 793 contradictionis
801 732 940 811 principio
959 729 1070 807 nititur,
1087 749 1138 811 per
1150 731 1227 811 quod

245 834 322 896 idem
337 834 423 895 simul
444 834 542 913 negari
555 841 584 897 et
600 834 738 896 affirmari
760 834 837 895 salva
854 832 973 895 veritate
990 833 1135 895 nonlicet.
1158 832 1227 895 lude

244 943 289 998 est
312 938 389 1016 quod
407 955 618 1018 quemcumque
639 938 670 997 in
690 935 860 1017 disputando
883 938 918 997 eit
941 931 1093 998 adduxeris
1114 942 1147 997 ut
1173 955 1228 1015 pu-

244 1039 358 1117 gnantia
374 1058 471 1101 secum
487 1040 631 1119 loquetur,
648 1040 670 1101 is
685 1041 914 1104 manifestissime
931 1048 958 1102 te
974 1040 1110 1103 victorem
1124 1058 1228 1119 agnos-

245 1160 311 1205 cere
325 1136 437 1221 debeat,
453 1145 538 1206 modo
559 1144 595 1206 de
617 1144 672 1205 hoc
694 1144 878 1206 fundamento
900 1161 999 1205 rerum
1024 1142 1075 1204 tibi
1097 1160 1162 1205 cum
1178 1144 1227 1205 illo

247 1247 403 1309 conveniat.
420 1247 538 1324 Verium,
556 1247 580 1309 si
596 1246 750 1326 scepticum
769 1246 850 1325 illud,
866 1250 936 1308 otilo
948 1252 1039 1328 pelles
1051 1245 1225 1327 probaveris,

247 1348 358 1413 sublato
376 1353 437 1432 Jam
460 1352 519 1415 veri
541 1350 660 1433 falsique
678 1351 852 1426 discrimine,
876 1350 954 1412 nulla
970 1366 1070 1431 neque
1092 1349 1228 1430 oppositae

246 1454 387 1536 opinionis
400 1454 588 1532 confutandae,
604 1472 697 1536 neque
720 1461 776 1516 tuoe
795 1446 999 1515 confirmandae
1021 1449 1071 1514 libi
1086 1452 1159 1513 ratio
1176 1470 1229 1514 su-

246 1557 365 1638 pererit:
381 1557 518 1639 nulloque
529 1558 626 1638 postea
638 1558 705 1638 jure
718 1564 747 1617 te
758 1574 844 1617 canes
856 1556 1004 1632 victorem,
1020 1573 1108 1635 quum
1125 1555 1228 1616 adver-
1262 1606 1265 1612 .

200 1654 203 1657 ’
245 1659 337 1721 sarius
351 1666 418 1721 tuus
435 1678 468 1722 ea
477 1662 666 1740 quaenegarat
680 1659 875 1736 affirmaverit,
890 1659 1002 1737 negarit
1015 1678 1079 1741 quae
1096 1658 1227 1722 affirma-

244 1769 341 1825 verat:
358 1762 428 1823 illud
443 1766 519 1824 enim
534 1763 718 1843 estscepticae
730 1762 884 1844 discipliuae
897 1763 1057 1843 proprium,
1074 1770 1117 1840 ut,
1132 1764 1226 1824 omnia

245 1864 408 1941 destruens,
418 1865 499 1943 nihil,
512 1884 548 1927 ne
562 1884 594 1928 se
616 1866 708 1946 ipsam
728 1864 854 1945 quidem,
869 1864 1000 1925 aedificet.
1017 1863 1118 1925 Nonne
1134 1864 1227 1927 ridea-

244 1972 292 2027 tur
305 1964 436 2045 Kantius,
453 1966 591 2049 p'rinoipio
608 1967 850 2044 contradictionis,
866 1967 902 2029 ad
914 1967 1086 2029 fulciendam
1103 1968 1226 2048 aliquam

246 2087 326 2130 suam
341 2068 522 2147 sententiam,
538 2078 633 2148 utens,
653 2070 733 2151 quasi
748 2070 824 2131 ullus
838 2069 915 2150 apud
929 2088 994 2131 eum
1009 2070 1076 2131 herio
1088 2070 1227 2151 principio

246 2172 325 2235 locus
340 2174 528 2262 relinquatur,
545 2175 622 2256 quod
642 2181 684 2235 tot
695 2175 756 2254 jam
779 2172 957 2236 labefactavit
977 2174 1158 2235 antuomiist
1173 2173 1226 2236 Ve-

246 2278 458 2340 rumenimvero
477 2279 546 2340 nihil
564 2278 699 2359 Septimio
724 2278 872 2358 tantopere
891 2278 985 2358 placet
1005 2279 1091 2358 quam
1110 2284 1227 2338 senten·

247 2380 316 2442 tiam
331 2400 390 2443 suae
407 2382 613 2460 adversantem,
630 2391 679 2444 aut
698 2382 728 2442 in
742 2382 921 2445 manifestam
935 2383 1093 2464 impingere
1111 2389 1226 2443 contra-

247 2483 1224 2567 dictionem,autcommunicuidamoonlessaequeveritatiitiillidere,

248 2595 297 2666 ut,
319 2589 363 2651 vel
384 2606 466 2651 error
490 2590 593 2652 merito
612 2590 789 2671 relinquatur
811 2588 1015 2671 abjiciaturqu'e
1028 2590 1159 2672 penitus,
1182 2589 1225 2651 vel

247 2690 416 2772 principium
437 2693 678 2771 contradictionis,
694 2695 791 2774 aperti
805 2694 901 2755 {tonte
913 2695 1059 2771 uiolatum,
1076 2700 1226 2775 contemp·

247 2793 302 2855 tori
311 2812 363 2856 suo
375 2795 414 2856 nil
424 2797 542 2859 humani
551 2796 711 2858 intellectus
722 2815 871 2878 superesse
879 2799 1021 2860 ostendet.
1032 2797 1092 2859 Hac
1102 2796 1224 2876 ratione,

246 2896 312 2957 culm
328 2897 417 2959 multa
429 2899 495 2974 alia,
514 2901 576 2960 tum
594 2899 726 2979 inprimis
748 2901 898 2966 Marcionis
915 2904 973 2965 duo
989 2904 1107 2965 numina
1126 2903 1225 2983 proili-

247 3008 308 3077 gat:
328 3020 419 3082 neque
433 3002 575 3081 ingratum
592 3002 645 3065 erit
663 3002 832 3084 Septimium
848 3023 977 3082 cernere,
992 3006 1091 3066 eadem
1105 3003 1153 3064 illa
1166 3004 1226 3065 dia·

246 3101 356 3179 lectica,
371 3103 481 3165 veritati
492 3106 616 3183 tuendae,
637 3112 783 3185 utentem,
799 3126 897 3189 quam,
913 3109 949 3170 ad
971 3127 1073 3189 pravos
1095 3126 1163 3170 usus
1176 3108 1226 3170 de-

246 3209 362 3282 tortam,
379 3212 437 3266 lam
452 3206 634 3269 uehementer
652 3218 813 3291 carpserat:
833 3231 850 3273 a
868 3212 954 3290 Deus,
970 3213 1066 3275 sinon
1084 3230 1158 3275 unus
1170 3221 1224 3291 est,

249 3326 265 3367 a
286 3325 346 3368 non
358 3315 412 3385 est,
428 3310 492 3390 quia
508 3310 620 3389 dignius
639 3313 780 3376 credimus
800 3334 858 3377 non
877 3336 940 3379 esse
952 3318 1154 3399 quodcumque
1166 3336 1224 3380 non

249 3429 266 3471 a
286 3411 324 3473 na
338 3412 423 3474 ttuerit
439 3422 471 3476 ut
484 3433 547 3477 esse
558 3416 717 3479 debebat...
733 3417 824 3482 Deum
836 3429 930 3484 auem
944 3422 973 3483 id
981 3422 1097 3502 definio,
1111 3422 1188 3504 quod
1197 3431 1226 3485 et

249 3516 414 3578 (omnium
438 3519 609 3581 conscientia
631 3524 770 3601 agnoseit,
792 3544 937 3588 summurn
961 3544 1024 3589 esse
1044 3545 1177 3603 magnum
1194 3526 1225 3586 in

249 3636 264 3678 a
286 3620 443 3682 aeternitate
470 3624 706 3688 oonstilutum....
739 3627 811 3691 Cium
836 3630 872 3690 de
899 3630 953 3690 isto
975 3630 1124 3689 conveniat
1149 3632 1225 3710 apud

249 3741 406 3802 somnes,
434 3744 497 3805 quae
528 3728 583 3789 erit
605 3732 667 3811 jam
698 3733 822 3795 conditio
848 3733 937 3815 ipsius
964 3732 1069 3793 summi
1103 3735 1224 3812 magnit

248 3830 391 3907 «nempe
419 3835 451 3890 ut
476 3828 548 3893 niun
576 3833 616 3893 illi
640 3836 842 3915 adaquatur...
871 3835 946 3913 Ergo
972 3836 1148 3899 unicnm'sit
1174 3856 1226 3899 ne·

249 3947 264 3988 v
287 3947 368 3992 cesse
392 3939 435 3994 est
461 3934 538 4014 quod
561 3935 647 3997 luerit
668 3955 814 3999 summum
835 3956 990 4016 magnum,
1016 3958 1070 4019 per
1090 3957 1149 4000 non
1171 3940 1225 4000 lve-

249 4032 398 4115 ‹bend03
429 4055 466 4100 ne
493 4056 551 4101 non
581 4041 619 4102 sit
648 4059 793 4103 summum
820 4062 956 4123 magnum
960 4088 1020 4105 .....
1053 4042 1117 4105 Nou
1143 4042 1226 4105 aliter

248 4157 263 4199 a
286 4139 377 4233 Deus,
393 4141 446 4205 nisi
469 4158 613 4207 summum
635 4163 788 4223 maguum:
804 4166 858 4211 nec
878 4148 960 4211 aliter
978 4164 1124 4212 summum
1143 4164 1225 4225 mag-
