3200 5067
406 545 439 594 88
687 545 728 594 DE
745 542 1095 606 Q.s.1³.TnltTlJ1.L1nlt0

408 677 423 716 a
444 655 556 736 ragines
570 656 711 719 civitatum
726 676 779 739 pro
792 658 918 721 remedio
932 659 1103 740 deputanda,
1117 664 1253 739 tanquam
1266 665 1381 723 tonsura

408 781 423 820 a
440 760 618 823 inolescentis
632 762 744 840 generis
757 763 876 824 humani
890 765 945 843 (l).

444 867 540 930 Altera
552 877 793 949 μετενσωματώσιως
803 868 893 930 lorma
904 870 983 929 tantb
997 867 1108 930 sacilids
1118 866 1262 945 fugabitur
1273 871 1378 948 quantb

404 969 622 1031 irrationabilius
631 970 734 1032 anime
742 970 772 1031 in
783 971 868 1032 bruta
878 972 963 1052 quam
977 970 1008 1032 in
1021 971 1146 1032 bumana
1158 988 1279 1052 corpora
1288 977 1381 1033 trans-

404 1073 526 1152 migrare
548 1073 690 1136 dicnntur.
715 1073 790 1147 Quid
812 1074 887 1136 anim
911 1074 1002 1153 magis
1023 1074 1178 1136 absurdum
1199 1076 1298 1155 quam,
1315 1075 1380 1136 crim

402 1178 460 1238 sint
472 1197 522 1240 sua
532 1179 634 1260 cuique
645 1179 759 1241 animali
768 1188 881 1256 natura,
893 1179 993 1257 victus,
1006 1197 1117 1257 sanun,
1128 1179 1266 1256 adlectus,
1280 1197 1377 1261 opera,

404 1283 516 1361 gaudia,
538 1283 633 1360 taedia,
655 1283 733 1360 vitia,
757 1283 913 1366 cupidines,
937 1285 1105 1366 voluptates,
1125 1283 1170 1345 sui
1191 1285 1336 1364 postremo
1351 1291 1380 1345 et

403 1387 466 1450 vita
479 1387 555 1451 modi
572 1395 601 1450 et
616 1386 707 1450 exitus
721 1388 833 1465 mortis,
849 1388 1019 1450 haecomnia
1034 1387 1217 1463 confundere,
1233 1387 1312 1448 nulla
1326 1404 1379 1448 ne-

403 1511 460 1571 que
481 1511 606 1571 morum,
626 1511 719 1574 neque
743 1492 843 1555 sormae
864 1492 974 1556 vivendi
991 1491 1110 1572 singulis
1129 1491 1242 1568 dehita,
1267 1491 1377 1553 ratione

402 1595 517 1659 habita:
536 1615 551 1657 a
566 1597 641 1675 Ergb
655 1597 760 1673 anima,
775 1615 840 1678 quae
854 1596 938 1660 terris
950 1596 1116 1675 inherebat,
1131 1595 1236 1658 nudius
1248 1594 1377 1658 sublimi·

405 1722 420 1762 a
442 1702 517 1779 tatis,
530 1703 633 1764 nullius
644 1702 844 1784 profunditatis
853 1703 1130 1784 intrepida,asoensu
1137 1701 1223 1764 etiam
1235 1701 1375 1764 scalarum

404 1829 420 1869 a
442 1808 601 1890 fatigabilis,
621 1809 771 1873 submersu
787 1809 872 1872 edam
887 1809 1060 1891 piscinarum
1073 1808 1295 1888 strangulabilis,
1318 1809 1376 1870 aeri

404 1934 419 1973 «
440 1916 537 1994 postea
557 1913 702 1976 insultabit
721 1913 750 1976 in
771 1914 876 1995 aquila,
898 1922 948 1976 aut
968 1915 1041 1976 mari
1061 1916 1158 1996 posted
1179 1913 1373 1976 desultabitin

403 2039 418 2080 c
440 2020 563 2099 anguilla
585 2021 656 2101 (2)‘?
679 2040 695 2082 a
719 2019 889 2103 Hujnsmodi
911 2021 1022 2084 fabulas
1043 2020 1153 2082 Platoni
1173 2020 1312 2101 placuisse
1334 2019 1373 2081 nil

400 2125 531 2203 equidem
547 2125 664 2202 mnam,
680 2131 712 2187 ut
725 2125 774 2207 qui
787 2126 968 2188 animacum
982 2126 1107 2188 humano
1124 2143 1243 2208 corpore
1256 2141 1373 2186 consor·
1446 2125 1451 2132 ’
1560 2110 1561 2139 ’

400 2228 470 2289 tium
491 2235 541 2290 aut
560 2228 714 2292 violentum
732 2238 782 2292 aut
801 2231 878 2293 certe
901 2231 1049 2293 fortuitum
1060 2230 1218 2311 judicaret:
1242 2229 1372 2310 linquens

399 2331 475 2398 enim
496 2333 590 2394 anima
608 2351 704 2415 quam,
725 2335 810 2397 unius
829 2336 919 2399 atatis
939 2335 1118 2415 enavigandae
1132 2336 1227 2411 causa,
1243 2334 1371 2416 cymbam

398 2441 614 2520 conscenderat,
636 2443 703 2524 quid
716 2443 848 2524 prohibet
861 2463 899 2506 ne
912 2444 1033 2507 alterum
1051 2444 1105 2505 iter
1123 2443 1267 2524 suscipiat,
1291 2442 1372 2504 alteri

398 2543 514 2608 diversa
534 2545 632 2609 lormae
652 2547 762 2627 navigio
786 2548 939 2628 imposita?
960 2548 1018 2611 Nos
1038 2551 1120 2625 roro,
1144 2550 1192 2630 qui
1211 2548 1370 2609 humanum

396 2668 498 2731 corpus
518 2651 649 2716 humana
667 2653 780 2732 animae,
803 2661 835 2716 ut
851 2655 999 2737 proprium
1017 2654 1133 2736 propria
1151 2670 1269 2714 muliera
1287 2670 1370 2714 exse-

395 2755 498 2834 quendi
512 2757 732 2820 instrumentum
745 2758 879 2838 obtigisse
891 2759 1032 2837 novimus,
1046 2766 1075 2820 et
1088 2777 1123 2820 ex
1133 2757 1281 2838 utriusque
1286 2757 1371 2838 juno·

394 2859 470 2922 tione
487 2867 577 2922 totum
592 2861 697 2943 aliquid
718 2870 804 2944 atque
826 2865 967 2940 integrum
988 2860 1123 2938 extitisse,
1146 2859 1222 2942 quod
1234 2877 1291 2921 non
1306 2858 1368 2921 sino

392 2965 533 3044 violentia,
555 2985 609 3029 nec
631 2973 736 3047 preater
755 2983 835 3048 spem
858 2965 1037 3028 resumenda
1054 2962 1260 3040 familiaritatis,
1275 2969 1367 3024 morte

392 3073 569 3150 dissociatur,
583 3081 768 3153 portentosum
778 3072 960 3134 irridebimus
972 3071 1210 3152 moeaumptiooem
1227 3069 1321 3130 bestiae
1332 3088 1366 3128 aa

392 3177 552 3246 bominibus,
579 3184 605 3238 ct
626 3178 747 3239 burniaco
768 3197 803 3238 ec
820 3177 909 3238 bestiis
925 3175 1099 3237 resolventem
1114 3175 1175 3256 (3).
1192 3209 1232 3219 -
1246 3172 1365 3246 Quodsi

390 3283 448 3342 tam
462 3282 587 3344 enormis
600 3281 791 3344 translationis
806 3300 891 3344 causa
901 3281 1075 3361 requiratur,
1099 3279 1208 3345 nullam
1224 3279 1282 3340 fide
1302 3277 1365 3356 dig·

390 3403 456 3444 nam
476 3383 610 3445 invenias.
635 3383 729 3457 Quum
755 3384 831 3447 enaim
855 3384 956 3466 judicii
979 3384 1097 3447 nomine
1124 3383 1282 3444 vindicatur
1309 3381 1364 3442 hoc

390 3487 502 3566 dogma,
518 3485 594 3568 qnbd
610 3485 711 3548 animae
721 3487 854 3549 humanae
873 3507 925 3569 pro
939 3489 1002 3550 rita
1014 3486 1123 3550 meritis
1136 3504 1240 3568 genera
1254 3484 1365 3546 anima·

390 3590 459 3654 lium
478 3591 652 3669 sortiantur,
675 3590 716 3652 nil
738 3590 795 3669 agit
816 3590 1000 3674 Pythagoras.
1023 3612 1039 3653 c
1066 3591 1096 3655 Si
1117 3591 1194 3654 enim
1217 3595 1363 3652 mutantur

391 3718 406 3758 a
429 3699 539 3776 animae,
552 3717 610 3762 non
625 3698 693 3780 ipsae
706 3697 911 3780 dispungentur
921 3717 984 3778 quae
995 3696 1200 3759 merebuntur:
1217 3693 1364 3756 evacuabi-

391 3824 406 3863 o
428 3811 475 3865 tur
487 3804 559 3866 ratio
569 3803 679 3886 judicii,
702 3802 909 3866 simeritorum
921 3802 1144 3865 doeritsensus:
1164 3799 1254 3863 deerit
1266 3805 1363 3863 autem

422 4063 454 4125 a)
470 4063 504 4112 ne
518 4063 576 4124 an,
591 4064 616 4126 §a
631 4062 721 4113 na-so.

420 4153 455 4219 (e)
469 4156 521 4212 ra,
537 4153 549 4216 a
564 4153 605 4203 sn.

421 4247 455 4310 (a)
469 4247 508 4296 ra.
524 4247 561 4296 ao.
