3200 5067
341 463 390 516 rar
464 449 467 454 “
617 463 658 516 nn
675 465 704 528 o.
725 465 752 516 s,
772 465 800 514 n.
820 463 1043 516 runruuunuo

341 597 357 639 s
379 575 455 658 sepe
469 577 573 658 populo
588 577 773 659 exprobrata,
792 577 879 640 otium
896 583 975 638 sorte
990 577 1182 657 conjungetur
1194 576 1237 640 iiii
1248 578 1322 644 sicut

342 700 358 740 a
380 686 410 744 et
422 679 506 744 serie.
522 677 564 742 Εὸ
578 679 713 761 anrplids,
725 681 922 764 praemittens:
937 680 1001 744 Noc
1013 681 1202 751 moechaberis,
1219 683 1324 763 adjun-

343 801 359 843 s
380 782 437 860 git:
450 782 513 846 Nou
528 783 641 844 secum.
652 781 784 846 Oneravit
794 783 890 865 itaque
898 783 1062 861 moeohiam,
1074 803 1161 860 quam
1170 786 1324 849 homicidio
1371 859 1376 868 ,

275 893 278 900 ·
343 905 358 945 u
381 885 539 966 anteponit.
564 885 595 948 ln
622 885 714 966 prima
738 888 950 969 itaque·tronte
972 887 1157 952 sanctissimas
1178 889 1268 968 tegis,
1295 891 1324 952 in

252 1061 256 1068 ,
344 1007 359 1049 a
380 989 481 1068 primis
500 987 588 1050 titulis
606 987 731 1052 coelestis
747 991 845 1066 edicti,
862 989 1067 1072 *principalium
1084 991 1183 1071 utiquo
1204 992 1326 1062 delicto·

344 1112 360 1154 s
380 1111 446 1156 rum
464 1093 672 1176 proscriptione
688 1094 809 1172 signata,
824 1093 938 1155 deloco
952 1093 1083 1172 modum,
1097 1093 1134 1155 de
1150 1094 1250 1157 ordino
1265 1102 1325 1157 sta·

344 1218 359 1258 o
380 1205 455 1276 tum,
471 1198 506 1261 de
526 1198 650 1262 condaris
665 1197 800 1261 meritum
818 1199 959 1279 cujusque
978 1197 1137 1276 dignoscas.
1152 1199 1203 1261 Est
1215 1206 1244 1262 et
1257 1201 1325 1262 mati

344 1321 359 1362 o
380 1301 513 1380 dignitas,
528 1302 605 1383 quod
616 1289 772 1365 in'summo
787 1309 837 1364 aut
850 1295 1188 1384 inmodio'pessimorum
1200 1304 1326 1366 colloca-

344 1425 359 1465 a
379 1412 439 1469 tur.
453 1406 591 1489 Pompam
604 1407 757 1488 quamdam
770 1415 857 1490 atque
871 1414 1038 1488 suggestum
1047 1426 1172 1488 agnosco
1182 1409 1322 1486 moechiae,

344 1530 360 1572 s
381 1511 448 1574 hinc
461 1511 596 1573 ducatum
610 1511 777 1576 idolotatria
793 1512 997 1590 antecedentis,
1013 1510 1081 1574 hinc
1092 1511 1256 1574 comitatum
1269 1512 1325 1574 ho-

344 1635 359 1677 «
382 1597 488 1678 mrem
501 1615 689 1696 insequetur.
707 1615 975 1697 rnmuuuspee
988 1615 1147 1677 ramorum
1160 1615 1327 1678 ememus·

345 1740 361 1782 s
382 1720 482 1798 simos,
506 1721 569 1806 sine
587 1720 674 1785 duhio
696 1721 782 1802 digua
803 1719 941 1801 consedit,
963 1725 993 1782 et
1013 1736 1067 1800 per
1085 1717 1212 1780 medinm
1225 1735 1324 1780 eorum

345 1845 361 1887 c
383 1824 628 1906 quostvaoanoem
646 1826 742 1889 losum
757 1824 818 1908 pari
832 1823 961 1886 orianinis
981 1821 1151 1886 auctoritate
1162 1821 1324 1902 complosit.

314 1989 319 1998 .
346 1948 362 1990 s
384 1928 453 2003 Quis
469 1947 532 1993 earn
547 1929 650 1992 talibus
663 1930 800 1993 lateribus
813 1926 967 2002 inclusam,
982 1924 1087 1989 talibus
1099 1924 1186 1986 costis
1202 1923 1327 1986 mcum-

346 2052 361 2094 «
384 2032 497 2111 tultum,
511 2035 528 2096 d
543 2033 749 2097 cohaerentium
768 2049 890 2114 corpore
905 2029 1030 2106 divellet,
1042 2030 1080 2092 de
1095 2029 1255 2091 uicinorum
1267 2028 1327 2090 ori·

346 2135 493 2198 «minum
518 2155 611 2214 nexu,
637 2125 672 2199 de
696 2119 923 2219 propinquorum
946 2131 1088 2194 scelerum
1108 2133 1270 2212 oomplmn,
1295 2138 1328 2194 nt

346 2258 362 2300 s
384 2240 476 2302 solam
486 2226 548 2302 eam
558 2240 734 2312 scnematad
743 2240 919 2322 poenitentiae
926 2236 1075 2314 tructam?
1082 2233 1329 2310 Nonnehincidor

348 2359 364 2401 s
384 2340 507 2418 iolatria,
522 2342 587 2404 indd
600 2342 797 2422 homicidium,
814 2342 1000 2407 detinebunt?
1014 2351 1043 2405 et
1055 2341 1080 2406 si
1094 2360 1150 2422 qna
1162 2337 1326 2417 tortuosis,
1423 2330 1427 2336 ⁵

265 2491 270 2500 .
348 2464 363 2506 s
385 2444 602 2508 reclamabunt:
620 2445 724 2509 Noster
745 2448 792 2510 hic
810 2465 924 2516 ,cuneus
937 2453 993 2524 ost,
1007 2453 1106 2510 nostra
1118 2464 1270 2527 oompago.=
1283 2444 1328 2508 dh

314 2599 317 2604 .
348 2568 363 2610 s
386 2546 544 2624 idololatria
558 2555 719 2627 metamur,
734 2551 782 2612 ius
802 2550 993 2629 distinguente
1004 2549 1221 2630 'conjungimum
1234 2546 1276 2608 ilti
1291 2547 1328 2609 de

348 2670 363 2711 o
386 2649 480 2714 medio
493 2651 626 2714 emicanti
640 2651 819 2731 ddunamnr;
834 2652 1048 2734 concorporavit
1059 2670 1113 2716 uos
1128 2650 1273 2731 Scriptura
1285 2649 1330 2711 di·

348 2772 364 2815 «
383 2753 470 2832 =rina3
486 2754 587 2818 litterae
609 2755 678 2836 ipse
699 2755 807 2834 glutina
825 2763 923 2818 nostra
941 2762 1023 2833 suut3
1042 2757 1105 2836 jam
1118 2772 1174 2818 nee
1193 2754 1254 2834 ipsa
1267 2753 1329 2816 sine

348 2877 364 2918 a
386 2856 468 2924 nobis
490 2866 594 2940 potest.
621 2859 681 2939 Ego
704 2859 819 2940 quidem
840 2859 1002 2924 idololatria
1026 2859 1182 2942 saepissime
1199 2858 1329 2922 meschiae

349 2982 364 3024 s
386 2965 565 3028 occasionem
588 2964 783 3030 subministro.
808 2963 909 3028 suunt
926 2964 983 3025 luci
1000 2964 1069 3042 mei,
1087 2971 1117 3026 et
1129 2963 1187 3025 mei
1204 2967 1328 3038 mortu,

349 3085 365 3127 s
385 3074 417 3130 at
438 3068 508 3131 rivae
530 3087 622 3149 aqum,
644 3068 761 3151 ipsaque
780 3068 811 3130 in
828 3065 949 3129 urbibus
961 3067 1080 3149 templa,
1094 3065 1234 3148 quantum
1247 3081 1330 3130 eror-

349 3187 365 3229 s
391 3169 483 3233 tendae
491 3170 633 3251 pudicitie
646 3189 845 3253 procuremus.
859 3172 920 3251 Ego
932 3190 1047 3254 quoqne
1059 3155 1243 3235 homicidium
1256 3187 1329 3234 uou-

349 3291 364 3331 ‹
386 3289 544 3353 numquam
566 3274 695 3337 moeohiae
713 3273 842 3338 elaboro.
857 3276 894 3339 Ut
912 3276 1063 3356 nogotio
1082 3275 1224 3352 omittam,
1235 3274 1331 3337 ‚scium

349 3395 365 3436 c
386 3375 471 3440 hodie
484 3378 639 3454 venenarii,
659 3379 754 3441 sciunt
766 3380 854 3460 magi,
870 3387 940 3462 quot
953 3380 1099 3462 pellicatus
1112 3378 1245 3456 nichcar,
1260 3384 1332 3459 quot

349 3499 364 3540 s
386 3479 540 3542 rivalitates
562 3482 723 3560 defendam,
749 3492 819 3565 quot
839 3486 982 3564 custodes,
1002 3490 1072 3565 quot
1092 3482 1246 3560 delatores,
1259 3487 1331 3563 quot

231 3581 233 3586 '
348 3606 363 3644 a
386 3585 516 3648 conscios
538 3586 677 3654 auferam,
698 3580 799 3650 Sciunt
819 3589 905 3651 etiam
930 3588 1097 3652 obstetrices
1118 3593 1189 3670 quot
1209 3585 1331 3654 auderi

349 3695 539 3770 «conceptus
564 3690 754 3753 trucidentur.
778 3690 871 3754 Etiam
888 3693 971 3773 apud
994 3691 1185 3774 Christianos,
1207 3707 1265 3752 non
1285 3695 1330 3750 est

348 3811 363 3852 s
386 3793 507 3856 moechia
529 3795 591 3857 sine
613 3794 707 3858 nohis.
726 3793 834 3858 Ibidem
849 3804 917 3858 suut
930 3795 1109 3874 idolotatria,
1123 3795 1173 3858 uhi
1190 3791 1331 3857 immundi

349 3915 365 3954 ι
386 3894 502 3978 spiritus
514 3913 561 3959 res
576 3904 635 3960 ost:
651 3897 755 3964 ibidem
775 3907 820 3964 ost
837 3900 1033 3977 homicidium,
1053 3900 1103 3963 nhi
1123 3901 1223 3976 homo,
1240 3914 1330 3978 qurum

349 4019 365 4059 a
386 4000 564 4104 inquinatur,
580 4001 729 4067 occiditur.
745 4004 847 4084 igitur,
862 4012 912 4066 aut
927 4022 980 4066 nec
995 4003 1063 4082 iliis,
1084 4010 1134 4066 aut
1147 4001 1233 4066 etiam
1247 3997 1330 4062 uobis
