3200 5067
317 460 321 463 -
388 410 419 495 re
675 438 716 489 nu
734 438 764 499 o.
782 436 807 485 s.
827 436 857 485 r.
873 430 1093 485 renruncmno

386 554 506 642 imperio
527 552 640 635 pessum
663 550 785 628 abitura,
807 548 832 645 pi
853 547 968 611 factioni
988 550 1121 628 par-catu
1138 544 1234 625 legum
1247 546 1367 629 imperia

384 658 569 736 detrectanti,
594 658 618 719 si
642 674 714 720 nona
741 654 904 718 incivitate
930 653 1027 717 civitas
1050 650 1212 715 adolescere
1231 651 1364 716 sinatur:

385 763 476 845 ipsum
498 761 567 824 illud
583 761 659 842 quud
679 760 747 838 sint,
767 760 845 841 quod
858 759 933 821 inter
954 775 986 819 se
998 762 1110 834 coeant,
1124 756 1212 839 quon,
1231 756 1293 819 siue
1306 776 1367 821 ma-

383 866 551 945 gistratuum
561 864 743 941 conscientia,
755 863 895 926 multisne
906 860 1196 926 rebusincommune
1207 862 1365 939 consulant,

342 1043 346 1049 ¹
383 971 569 1035 rebellionem
594 988 671 1047 esse3
696 970 832 1033 caeterum
854 967 1019 1031 insociabile
1042 967 1071 1028 id
1092 984 1183 1048 genus
1203 967 1364 1043 hominum,

384 1074 480 1137 omnia
497 1073 601 1156 quibus
617 1074 735 1135 humani
755 1073 868 1152 generis
880 1073 1000 1135 societas
1019 1073 1182 1136 continetur
1199 1073 1280 1155 parci
1293 1092 1367 1156 pen-

383 1180 463 1257 dere,
488 1187 632 1260 parentes,
656 1179 774 1257 amicos,
798 1178 931 1259 patriam,
955 1177 1060 1261 quippe
1080 1175 1183 1258 quibus
1206 1177 1262 1239 alib
1283 1178 1366 1239 defixi

385 1285 511 1349 haereant
525 1286 613 1363 oculi3
629 1285 715 1364 igitur
734 1286 918 1365 infructuosos
929 1303 985 1345 ecce
998 1284 1077 1345 rebus
1090 1283 1227 1352 trutannia,
1245 1290 1274 1346 et
1286 1283 1366 1364 quasi
1484 1258 1493 1314 ·’

385 1390 495 1452 inutilia
510 1390 638 1473 corporis
652 1388 780 1452 membra
795 1387 985 1470 precidenda.

426 1496 469 1558 Ad
482 1495 544 1557 baec
557 1494 732 1576 respondere
746 1492 822 1555 inter
833 1498 947 1553 nostros
958 1490 1085 1553 solemne
1095 1489 1165 1554 luit:
1179 1490 1365 1568 Christianos,

385 1599 463 1679 qubd
478 1598 694 1677 magistratuum
705 1597 772 1678 jura
788 1596 863 1657 intra
875 1595 1018 1657 humanos
1032 1593 1106 1655 fines
1118 1592 1287 1655 continenda
1301 1608 1367 1654 cen·

384 1712 476 1781 seant,
491 1688 550 1766 non
567 1702 700 1764 continub
714 1720 767 1783 pro
784 1701 938 1763 rebellibus
951 1699 1111 1777 babend0s3
1128 1701 1236 1778 tenua,
1252 1699 1276 1760 si
1290 1698 1365 1782 quis,

385 1810 520 1873 adversius
539 1808 707 1871 sententiam
724 1806 856 1890 apostoli,
871 1804 1034 1868 bominibus
1048 1823 1160 1887 parere,
1175 1804 1288 1867 omissis
1303 1822 1367 1885 que

385 1912 459 1976 Deus
473 1913 618 1995 praecepit,
636 1911 703 1974 civis
717 1930 778 1974 esse
792 1910 945 1973 contendat
963 1908 1188 1987 officium,huuc
1202 1908 1247 1969 uix
1264 1906 1367 1969 mentis

384 2038 448 2082 csse
455 2026 614 2101 compotem
623 2039 632 2097 3
641 2016 825 2080 —caeterirm
838 2014 933 2077 omnia
939 2014 1038 2090 nimia,
1053 2014 1148 2077 breuia
1162 2031 1276 2095 quoque
1291 2032 1364 2091 csse,

310 2155 312 2159 ·
384 2140 438 2185 nec
451 2127 517 2185 narb
532 2124 645 2185 evenire
659 2130 691 2183 ut
705 2120 775 2183 laeda
792 2120 913 2182 servitus
932 2119 962 2181 in
981 2126 1111 2201 apertam
1132 2117 1215 2179 abeat
1231 2118 1367 2181 rebellio·

383 2246 448 2289 nem
460 2249 468 2306 ;
481 2264 519 2273 -
531 2228 704 2291 Christianos
713 2228 824 2304 contra,
839 2226 887 2308 qui
899 2225 1113 2305 magistratibus
1122 2224 1364 2307 principibusque,

384 2338 519 2410 tanquam
533 2330 707 2407 hominibus,
723 2347 780 2391 non
792 2336 927 2411 tanquam
947 2328 1011 2406 diis,
1026 2328 1136 2407 allego
1149 2337 1311 2410 pareant-ut
1324 2330 1365 2392 nil

384 2434 483 2495 diunis
496 2435 645 2520 praeceptis
660 2453 823 2517 repugnans
836 2434 954 2517 exsequi
965 2432 1132 2515 jubeantur,
1149 2437 1255 2516 quantb
1267 2437 1297 2497 in
1310 2436 1366 2499 hoc

385 2538 544 2614 liberiores,
567 2540 646 2602 tanto
667 2538 697 2601 in
721 2539 833 2601 caeteris
854 2540 1080 2603 observantiores
1103 2540 1234 2622 probari;
1260 2542 1365 2623 quippe

384 2643 488 2725 quibus
508 2632 672 2723 religiosum
688 2644 724 2707 sit
745 2644 932 2726 potestatibus
949 2644 1079 2726 obsequi,
1099 2663 1152 2707 nec
1171 2645 1253 2707 aliter
1268 2646 1365 2709 Chris·

384 2748 468 2810 tianis
482 2766 546 2811 esse
560 2748 655 2827 liceat,
669 2751 755 2831 quim
769 2749 793 2811 si
806 2750 932 2821 dominis,
950 2751 1033 2811 ctiam
1046 2750 1169 2829 dyscolis,
1188 2770 1245 2811 noa
1257 2754 1364 2811 tuatim

381 2862 494 2935 propter
514 2856 596 2925 irum,
622 2856 668 2916 sed
688 2855 772 2915 etium
790 2863 905 2935 propter
922 2856 1117 2916 recedentium
1139 2855 1185 2936 (l)
1207 2855 1264 2917 sint
1282 2855 1363 2917 obse-

384 2952 523 3040 quentes3
544 2960 622 3021 nulla
635 2958 721 3039 igitur
734 2960 749 3021 i
764 2978 796 3024 re
811 2959 901 3039 magis
914 2961 999 3040 quam
1016 2958 1216 3040 linctionibus
1227 2959 1365 3042 novisque

383 3064 468 3127 rebus
478 3064 633 3127 Ecclesiam
643 3064 815 3141 abborrere3
827 3097 869 3109 -
877 3070 1027 3145 praeterea,
1037 3064 1218 3145 peregrinam
1227 3064 1257 3126 in
1269 3064 1362 3142 terris,

384 3167 552 3248 temporalia
572 3167 847 3248 omnia‘inancsque
867 3166 1015 3229 hominurn
1036 3167 1232 3230 contentiones
1246 3166 1364 3230 minoris

387 3272 481 3332 lacere
503 3273 587 3351 quam
611 3276 645 3331 ut
663 3270 729 3333 huic
748 3278 799 3333 aut
814 3270 855 3332 illu
874 3272 948 3353 parti
964 3271 1086 3351 studeat,
1110 3276 1164 3335 nec
1179 3272 1363 3355 quidquama

385 3374 501 3450 victore,
522 3374 648 3454 quisquis
667 3375 691 3437 is
713 3376 759 3454 sit,
776 3395 904 3458 poscere,
919 3378 972 3439 nisi
984 3387 1017 3441 ut
1030 3397 1101 3462 opus
1115 3398 1198 3441 suum
1213 3380 1362 3461 perficere,

384 3478 598 3560 dispersamque
618 3480 681 3543 coeli
695 3482 861 3563 progeniem
883 3500 1057 3563 congregare
1070 3482 1165 3565 quieta
1178 3486 1287 3547 sinatur
1301 3475 1349 3565 (2)

426 3582 541 3645 Addunt
552 3584 625 3645 hanc
635 3603 698 3648 esse
707 3586 867 3651 christianae
880 3588 1033 3672 disciplinae
1041 3590 1173 3652 virtutem
1183 3598 1226 3669 ut,
1237 3588 1364 3671 quamuis

384 3687 545 3752 coelestibus
565 3692 681 3754 omninb
701 3692 830 3772 intenta,
856 3695 977 3759 terrenis
998 3704 1094 3759 tamen
1116 3695 1204 3759 rebus
1227 3696 1365 3759 maximos

386 3791 493 3854 tructus
507 3796 698 3880 maximasque
712 3798 810 3861 alienat
825 3783 971 3864 utilitates.
984 3800 1067 3876 Quod
1077 3803 1153 3865 enim
1163 3803 1287 3866 lautores
1297 3820 1364 3864 suos

418 4019 455 4086 tl)
469 4020 500 4071 Ι).
513 4022 584 4074 Paul.

417 4110 452 4176 (2)
465 4112 537 4164 Boss.
552 4114 645 4180 Panog.
660 4116 687 4166 S.
702 4114 791 4169 Tlrom.
807 4120 879 4171 Cant.
