3200 5067
368 473 404 522 ts
650 466 692 519 ott
709 468 739 531 Q.
757 470 783 519 S.
802 470 831 518 F.
850 466 1070 520 mnwtttano

368 604 384 646 a
405 584 562 649 vicinorum
576 581 702 645 siderum
716 588 828 645 meatus
835 582 923 644 docet
938 582 998 662 (t).
1017 600 1034 641 a
1048 579 1115 643 llaec
1126 584 1285 647 somniatur
1295 586 1351 647 do·

365 694 410 756 lor
422 688 585 767 leuamenti,
601 688 685 770 quale
696 706 822 769 cumque
836 688 883 766 sit,
900 687 1018 750 aridus:
1034 704 1101 749 nam
1115 688 1140 750 si
1153 706 1221 751 aera
1233 690 1348 771 queris,
1392 732 1396 735 -

366 814 381 856 a
405 811 483 859 mors
494 808 548 855 nac
562 791 681 869 malum,
697 810 751 855 nec
764 794 873 855 bonnm
886 800 948 855 est:
965 792 1093 855 omnium
1109 792 1242 855 dolorum
1257 802 1287 857 et
1300 814 1351 858 so-

366 918 382 959 r
404 896 478 961 lutio
492 903 537 958 est
550 901 580 957 et
593 893 675 956 finis:
691 890 766 958 ultra
780 914 866 977 qnam
880 896 955 959 mala
968 902 1066 959 nostra
1081 913 1139 980 non
1153 904 1267 975 exeunt,
1285 916 1350 979 qum

367 1022 382 1064 a
406 992 460 1065 nos
474 1001 503 1063 in
517 1000 595 1063 illam
609 998 854 1079 tranquillitatem,
869 999 900 1060 in
910 1000 978 1079 qut,
990 1007 1141 1081 antequam
1154 1019 1347 1081 nasceremur,
1451 1071 1455 1075 ,

366 1126 382 1168 a
400 1104 555 1187 jacuimus,
573 1101 723 1183 reponit...
748 1100 830 1175 Quod
843 1101 921 1164 enim
936 1104 1031 1184 ipsum
1052 1102 1123 1165 nihil
1136 1110 1190 1181 est,
1210 1112 1240 1167 et
1252 1104 1349 1169 omnia

357 1230 382 1286 ¹r
404 1210 434 1272 in
447 1208 567 1271 nibilum
581 1206 696 1285 redigit,
711 1204 783 1267 nulli
797 1223 850 1267 nos
863 1205 986 1269 fortunae
999 1206 1095 1284 tradit,
1109 1224 1164 1269 nec
1177 1214 1270 1289 potest
1283 1226 1349 1271 esse

365 1334 381 1376 a
404 1313 492 1377 miser
510 1313 559 1395 qui
578 1311 674 1374 nullus
696 1318 740 1373 ast
761 1310 821 1390 (t);
843 1330 859 1371 a
881 1312 951 1390 ergo
963 1329 1018 1374 neo
1031 1312 1107 1376 salix.
1123 1314 1210 1377 -st
1223 1312 1348 1377 aduersis

364 1418 452 1481 rebus
469 1417 593 1495 laboras,
613 1416 689 1494 finge
708 1414 798 1477 Deum
822 1412 874 1475 tibi
893 1416 1072 1479 consuluisse
1089 1416 1160 1479 dum
1177 1435 1278 1499 aspera
1291 1419 1348 1483 im-

364 1523 471 1587 mittit:
490 1542 505 1583 a
522 1522 611 1585 Avida
632 1528 676 1583 est
693 1519 813 1601 periculi
832 1518 933 1597 virtus,
953 1525 982 1580 at
995 1521 1054 1599 qud
1075 1519 1183 1598 tendat,
1200 1538 1256 1583 non
1279 1524 1351 1606 quid

365 1646 381 1687 a
404 1643 520 1708 passura
534 1619 582 1687 'sit
601 1623 716 1701 cogitat,
732 1624 867 1703 quoniam
891 1630 920 1684 et
943 1624 1019 1703 quod
1042 1642 1160 1704 passura
1174 1631 1227 1702 est,
1251 1626 1348 1703 glorie

367 1750 383 1791 r
405 1748 471 1810 pars
486 1734 566 1791 est...
589 1726 769 1791 Gubernator
784 1726 812 1788 in
832 1733 1010 1808 tempestate,
1025 1726 1108 1789 miles
1123 1726 1152 1787 in
1167 1726 1230 1789 acie
1242 1728 1348 1791 intelli·

367 1852 383 1893 a
405 1839 550 1911 guntur..
572 1829 658 1893 Miser
680 1837 726 1893 est
747 1830 796 1911 qui
819 1849 976 1912 numquam
995 1831 1049 1893 luit
1068 1830 1167 1907 misem
1188 1839 1218 1895 et
1239 1833 1349 1895 transiit

367 1954 382 1996 a
405 1934 465 1999 sine
480 1934 641 1997 adversario
655 1934 779 1995 uitam..
796 1934 946 1997 »Grandia
955 1953 1024 1997 sane
1033 1936 1239 2017 magnificaque
1248 1938 1345 2014 rerba,

365 2038 459 2102 inania
473 2047 581 2115 tamen,
596 2037 689 2100 utilia
703 2038 776 2119 ipsa,
793 2056 880 2118 quam
894 2038 1058 2120 predicant,
1073 2040 1173 2117 gloria.
1186 2039 1256 2113 Quae
1270 2040 1347 2101 enim

363 2143 527 2210 decertandi
544 2142 662 2219 utilitas,
681 2142 706 2203 si
720 2142 790 2204 nibil
808 2152 852 2205 est
871 2143 908 2204 ad
927 2143 1004 2223 quod
1016 2142 1187 2205 decertando
1201 2144 1349 2224 porisma,

364 2248 433 2309 turi
449 2245 479 2309 Si
493 2245 580 2307 maris
594 2244 759 2323 enavigandi
773 2263 855 2325 spem
874 2263 1034 2321 removeas,
1053 2247 1116 2327 quis
1129 2246 1254 2328 pericula
1266 2247 1347 2308 nari-

365 2348 487 2429 gationis
499 2365 585 2411 sanus
601 2348 704 2418 obeat?
719 2348 816 2430 quisve
829 2350 868 2411 ita
882 2350 1034 2428 deliretut,
1044 2350 1151 2415 bellum
1161 2368 1275 2430 gerens,
1285 2368 1344 2412 non
1393 2337 1398 2343 ’

364 2455 426 2536 paci
441 2461 470 2517 et
483 2455 594 2517 decorae
614 2459 643 2515 et
658 2454 733 2515 dulci
752 2454 887 2515 studeat‘i
904 2453 991 2534 Atqui
1005 2472 1072 2531 nos,
1085 2455 1179 2518 Stoico
1193 2456 1217 2516 si
1231 2454 1341 2531 credas,
1370 2479 1375 2485 ·

363 2562 466 2621 fluctus
489 2558 519 2620 in
540 2557 634 2621 medio
659 2566 746 2640 ponto
767 2566 909 2637 mergent,
923 2557 1054 2639 bellaque
1076 2575 1141 2619 cum
1166 2555 1344 2637 cupidinibus

364 2662 497 2725 acerrimi
516 2670 595 2741 gesta
608 2670 637 2723 τὸ
653 2666 727 2744 μηδὲν
748 2660 906 2724 coronabit.
927 2660 998 2723 dliae
1023 2669 1120 2723 mman
1140 2666 1248 2722 restant
1267 2659 1344 2721 deci-

363 2767 532 2849 piendorum
546 2768 708 2830 animarum
721 2773 807 2829 artes.
824 2765 853 2829 Si
860 2764 991 2847 procellis
1006 2782 1105 2826 rerum
1115 2766 1342 2845 jactatus,atquc

268 2857 272 2865 Δ
363 2870 404 2932 nil
418 2870 472 2933 nisi
486 2870 575 2934 tristia
585 2878 731 2953 expertus
740 2870 809 2952 quid
821 2869 875 2931 sibi
890 2869 977 2931 velint
986 2869 1132 2950 illaquasi
1141 2862 1236 2931 infesti
1249 2866 1343 2930 numi-

363 2974 407 3037 nis
420 2976 476 3039 tela
490 2993 610 3057 quaeras,
621 2978 725 3058 praestit
739 2974 793 3037 erit
806 2974 930 3051 Stoicus,
939 2973 1140 3055 grandiloquas
1148 2972 1342 3052 canensinep

363 3080 427 3157 tiaS,
438 3087 522 3161 atquc
532 3082 593 3157 baec
602 3080 697 3141 omnia
706 3080 811 3160 quibus
825 3079 964 3160 premeris
973 3078 1009 3139 de
1018 3078 1153 3159 sapientis
1161 3077 1294 3140 felicitate
1304 3095 1342 3139 ne

363 3182 502 3245 tantillum
523 3182 639 3263 quidem
660 3183 810 3245 detrahere
823 3182 941 3257 docens,
962 3182 1152 3262 virtutemque
1163 3182 1202 3243 ad
1213 3182 1342 3244 omittat-

365 3285 479 3345 aradum
492 3304 520 3343 ae
532 3286 591 3363 ipat
608 3302 662 3344 ease
676 3292 844 3353 contentam,
863 3285 975 3348 etiamsi
996 3286 1059 3367 quis
1073 3286 1202 3348 maximis
1215 3284 1342 3366 corporis

316 3448 320 3454 ,
363 3385 508 3465 animique
528 3384 672 3448 doloribus
692 3386 878 3449 excrucietur.
903 3388 998 3461 Quum
1016 3396 1111 3451 autem
1130 3397 1274 3452 sanatura
1288 3388 1342 3450 bu·

364 3505 448 3551 nnana
462 3488 510 3551 diri
533 3480 655 3550 ludibrio
669 3488 767 3550 baberi
781 3509 838 3553 non
853 3492 987 3573 patiatur,
1007 3493 1134 3574 nihilque
1150 3493 1225 3556 ellici
1238 3494 1342 3555 clamet

363 3592 400 3671 si,
424 3574 492 3654 moti
510 3592 626 3655 nomine
648 3592 770 3671 sublato,
794 3594 856 3677 ipsa
877 3597 945 3659 mali
962 3605 1063 3660 natura
1077 3598 1105 3658 in
1128 3596 1275 3680 praesentis
1289 3596 1339 3659 aeri

363 3695 568 3759 calamitatibus
586 3706 711 3777 maneat,
727 3717 817 3763 unum
834 3704 907 3765 tiata
924 3702 965 3765 illi
979 3702 1103 3765 ielicitati
1117 3703 1278 3784 portagium
1292 3720 1342 3763 re·

363 3799 511 3880 linquitur,
535 3819 632 3879 mors,
656 3802 692 3865 ab
714 3803 762 3867 illo
784 3805 867 3869 beato
891 3826 951 3869 suae
975 3808 1156 3873 beatitudinis
1176 3806 1340 3889 impatiente

395 4002 430 4069 tl)
443 4004 546 4055 consol.
560 4006 592 4057 ad
606 4006 732 4071 Marciam,
748 4011 759 4072 t
774 4010 816 4060 25.

394 4094 427 4159 (i)
441 4098 493 4157 lb,
508 4097 519 4158 t
536 4097 576 4148 ta.
