3200 5067
539 411 722 466 OPUStlULUll
743 418 1013 476 rutuusorlrlcum.
1222 435 1270 487 lui

673 1025 815 1114 CAPUT
843 1032 885 1116 V.

317 1252 491 1306 SEP'l‘lillUS
513 1240 709 1310 GATHOLICAE
731 1264 821 1314 FIDE!
845 1267 1018 1322 ABVERSUS
1041 1275 1235 1331 HAERETIGOS

648 1397 904 1454 PROPUGMTOB.

727 1673 824 1683 ..ι-..-

323 1981 396 2044 Fusa
411 1988 593 2044 externorum
613 1983 739 2045 hostium
755 1982 828 2061 acie,
848 1985 973 2048 restabat
986 1986 1075 2050 altera
1095 1991 1194 2072 pestis,
1207 1992 1264 2058 Ec

283 2087 375 2150 olosiae
388 2087 467 2150 lateri
483 2088 518 2152 ab
536 2089 604 2172 ipsis
617 2087 760 2152 natalibus
773 2089 932 2166 adhaerens,
948 2090 1129 2173 alterumque
1142 2093 1262 2175 bellum,

283 2199 315 2254 ut
329 2193 478 2271 occultius,
492 2195 530 2256 ital
549 2195 638 2274 magis
655 2203 838 2277 perpetuum,
852 2194 1066 2278 majoribusque
1081 2198 1198 2280 plenum
1211 2218 1264 2283 pe·

281 2298 388 2375 riculis,
400 2317 464 2361 oum
475 2299 613 2362 haereticis
623 2299 932 2378 gerendumeQuamvis
942 2302 1018 2364 enim
1030 2304 1262 2383 persecutionum

280 2401 376 2482 fragor
388 2403 487 2484 primis
498 2402 630 2466 Ecclesiae
642 2405 818 2486 temporibus
828 2406 923 2468 omnia
933 2407 1085 2488 compleat,
1096 2409 1261 2493 auferatque

279 2507 441 2570 facultatem
463 2508 507 2570 his
525 2526 589 2590 quae
605 2507 681 2571 intus
700 2509 873 2588 gerebantur
892 2511 1073 2589 attendendi,
1095 2529 1153 2574 non
1174 2514 1259 2576 etiarn

279 2613 340 2679 trlm
362 2611 514 2674 defuerunt
534 2611 584 2692 qui
608 2613 754 2692 exagitatae
775 2615 1008 2696 semianimisque
1031 2618 1132 2678 matris
1151 2618 1260 2682 uiscera

278 2715 449 2793 lacerarent3
472 2730 577 2798 neque,
600 2715 623 2777 si
640 2715 779 2776 tumultus
799 2716 922 2778 Arianus
940 2718 1122 2798 superiorum
1141 2722 1260 2785 seditio-

278 2837 346 2882 num
366 2820 472 2881 lamem
495 2819 622 2897 extinxit,
637 2819 700 2884 ideo
724 2833 791 2895 eger
814 2816 985 2878 christianus
1006 2817 1124 2880 uberem
1139 2822 1258 2884 infelicis

277 2922 336 2984 lolii
356 2941 478 2986 messem
493 2924 584 2987 tribus
599 2926 662 3006 jam
677 2922 760 2984 antei
782 2919 893 2982 saeculis
912 2938 971 2981 uon
991 2920 1105 2982 tulerat.
1127 2923 1257 3002 Longum

278 3033 322 3088 est
343 3045 443 3090 omnes
464 3046 635 3090 enumerare
657 3026 779 3090 civilium
802 3042 948 3087 armorum
972 3032 1121 3102 auctores,
1147 3025 1259 3104 longius

277 3131 375 3210 quales
392 3131 495 3212 cuique
515 3133 654 3194 novitates
666 3130 826 3212 placuerint
839 3147 985 3208 enarrare,
1001 3136 1050 3191 aut
1064 3147 1116 3211 per
1129 3148 1193 3210 quae
1208 3147 1257 3192 ur·

277 3239 411 3312 gumenta
434 3233 551 3312 singulis
573 3235 590 3295 i
610 3235 711 3297 Nostro
733 3234 845 3297 obviam
866 3234 936 3296 itum
955 3235 1003 3296 sit.
1025 3233 1105 3296 Adde
1129 3234 1206 3316 quod
1225 3235 1256 3297 in

276 3337 446 3416 theologiam
460 3337 607 3400 incurrere
621 3356 714 3420 neque
730 3338 821 3400 nostri
835 3338 973 3420 propositi
987 3343 1042 3416 est,
1057 3355 1150 3419 neque
1164 3338 1255 3399 nostri

271 3443 345 3522 juris
363 3442 547 3530 arbitramur.
569 3443 720 3519 Attamen,
746 3443 880 3526 quonium
901 3444 979 3506 nulla
1002 3444 1031 3504 iu
1051 3461 1084 3505 re
1098 3441 1252 3523 Septimius

273 3564 331 3608 non
352 3545 387 3608 de
405 3547 456 3607 sul
470 3547 593 3623 tantum,
605 3547 656 3609 sed
675 3547 710 3608 de
724 3547 859 3608 omnibus
875 3547 1005 3608 aetutibus
1018 3544 1120 3606 melius
1133 3545 1254 3605 meritus

273 3657 326 3728 est,
344 3649 508 3712 summatim
521 3650 631 3712 uidetur
652 3649 863 3730 exponendum,
879 3649 940 3709 tum
955 3665 1026 3726 ques
1038 3646 1163 3736 habeant
1175 3645 1254 3707 diffi-

270 3755 391 3816 eultates
404 3755 473 3819 initu
485 3755 619 3818 adversus
629 3752 776 3817 haereticos
787 3752 954 3830 certamina,
966 3752 1026 3813 tum
1039 3751 1106 3832 quid
1115 3749 1254 3813 universis

271 3857 423 3941 Septimius
437 3857 612 3939 opposuerit,
635 3866 663 3919 et
677 3875 747 3938 quas
760 3854 884 3917 rationes
898 3854 1059 3918 decidente
1079 3854 1172 3916 omnis
1186 3872 1252 3917 cum

271 3962 312 4024 eis
325 3964 525 4026 controversiae
537 3961 658 4043 posteris
671 3959 813 4040 legaverit.

311 4065 343 4127 ld
363 4065 468 4130 habent
485 4063 632 4148 proprium
654 4064 791 4142 hereses,
811 4065 938 4144 quidex
956 4058 1252 4144 ipsolonteveritatis
1326 4156 1328 4161 Ι
1352 4068 1357 4072 ·
1377 4107 1380 4112 .
