3200 5067
504 439 965 535 ‹mmmmunruumnmmmu.
1176 489 1258 539 ns.
1359 460 1365 472 '

621 1077 763 1166 CAPUT
791 1084 850 1167 lll.

529 1335 706 1389 scrutillus
729 1340 935 1396 HAERETICUS.

281 1944 359 2007 Duas
384 1944 420 2008 ob
452 1964 552 2008 oarrsas
577 1947 703 2012 creditur
728 1946 885 2029 Septimius
908 1969 939 2012 se
964 1951 994 2011 in
1016 1951 1142 2016 Montani
1162 1956 1223 2029 haef

240 2049 327 2112 resim
345 2051 520 2132 precipitem
536 2051 658 2116 dedisse.
679 2052 800 2126 Quidam
821 2055 998 2118 arbitrantur
1017 2058 1128 2121 homini
1148 2079 1224 2123 sem·

242 2172 293 2234 per
330 2155 360 2216 in
389 2156 477 2217 nimia
508 2163 537 2217 et
573 2156 695 2218 violenta
732 2175 850 2238 prono„
881 2177 1015 2239 magnam
1056 2162 1223 2244 opinionum

241 2276 432 2342 morumque,
462 2280 549 2342 quarn
582 2262 636 2323 ista
668 2261 817 2344 disciplina
846 2263 993 2344 jactabat,
1029 2266 1223 2329 austeritatem

240 2364 398 2444 placuisse:
415 2383 508 2446 neque
521 2383 573 2427 nos
593 2365 762 2444 negavimus
782 2365 813 2426 in
835 2365 952 2444 Nostro,
971 2377 1002 2429 ut
1019 2368 1161 2431 sermonis
1174 2388 1224 2431 re-

240 2466 412 2530 hementiam
429 2468 549 2550 stylique
565 2467 761 2550 asperitatem,
782 2467 823 2530 ita
844 2468 974 2531 animum
991 2469 1140 2534 immitiori
1160 2473 1225 2534 oui-

241 2589 296 2650 que
314 2561 462 2634 sententiae
479 2571 620 2634 faventem
638 2569 769 2651 reperiri.
791 2568 910 2649 Verum,
931 2572 956 2633 si
976 2572 1017 2635 nil
1037 2573 1114 2636 aliud
1130 2591 1224 2637 causae

170 2751 172 2759 Ι
240 2671 423 2753 interfuisset,
438 2691 595 2755 numquam
609 2675 670 2736 haec
683 2676 819 2738 seueritas
840 2684 952 2754 tanturn
966 2677 997 2738 in
1011 2697 1058 2756 eo,
1073 2681 1138 2740 mea
1158 2680 1224 2760 qui-

240 2777 305 2840 dem
326 2779 477 2854 sententia,
501 2777 647 2854 valuisset,
673 2783 716 2853 ut,
742 2779 829 2840 totius
849 2780 913 2843 uita
935 2798 1022 2841 cursu
1043 2788 1168 2859 mutato,
1193 2784 1222 2844 in

240 2881 332 2943 aliena
346 2889 439 2944 castra
449 2882 594 2960 transiret,
610 2887 828 2962 rumperetque,
844 2881 921 2962 quod
943 2881 1004 2962 ipse
1020 2881 1105 2944 toties
1128 2885 1223 2947 lraere-

240 2984 302 3048 licis
324 2985 488 3065 objecerat,
512 2986 734 3068 apostolicarum
765 2983 952 3047 ecclesiarum
975 2986 1219 3049 communionem.

240 3089 350 3173 Quippe
367 3090 426 3169 illa,
444 3109 530 3172 quarn
551 3098 724 3168 memorant,
740 3089 856 3169 duritia,
872 3089 1006 3154 Ecclesiae
1019 3091 1142 3172 fideique
1157 3093 1222 3154 uni-

241 3201 345 3273 aon,

373 3349 437 3400 llum
448 3349 533 3400 stabat
545 3361 625 3414 regno
639 3348 783 3412 incolumis,
797 3361 956 3414 regnumque
967 3348 1070 3414 vigebat

370 3439 503 3502 Consiliis,

240 3577 331 3640 multo
346 3577 445 3638 habuit
458 3577 666 3656 antiquiorern3
682 3593 777 3657 neque
793 3577 867 3639 hanc
881 3578 1045 3641 instituerat
1058 3578 1123 3641 fidei
1136 3597 1223 3657 regu-
1279 3601 1282 3608 ·

125 3757 129 3765 ¹
204 3685 215 3738 ’.
241 3682 309 3758 larn,
324 3689 356 3745 ut
371 3683 502 3764 quisque,
519 3681 596 3763 qu'od
609 3680 662 3743 sibi
674 3680 839 3762 placuisset,
851 3681 903 3743 sed
916 3681 992 3762 quod
1010 3680 1146 3743 traditum
1158 3681 1223 3742 tue·

240 3795 297 3864 rat,
309 3786 455 3870 probaret.
467 3785 546 3848 Adde
558 3784 647 3866 quod,
661 3784 717 3846 illis
731 3782 983 3870 temporibus,non
992 3782 1119 3859 mollem,
1133 3789 1162 3844 et
1171 3782 1223 3845 de-

241 3890 367 3968 licatam,
378 3897 408 3952 et
418 3889 587 3972 Epicuream
600 3887 777 3970 disciplinam
792 3885 944 3948 Christiani
954 3885 1159 3965 sequebantur,
1172 3887 1222 3948 sed

242 4013 392 4078 eamque,
408 4001 514 4058 nostra
528 3993 604 4058 aetati
618 3999 780 4074 nostraque
795 3990 914 4070 ignariae
923 3989 1120 4068 intolerabilis,
1131 4007 1223 4070 quan-

242 4100 349 4165 talibet
364 4098 507 4164 severitati
521 4097 654 4162 sulficere
669 4095 785 4159 valeret.
803 4093 885 4168 Quod
898 4111 956 4158 non
970 4113 1004 4157 er
1022 4091 1116 4156 inlidis
1130 4091 1222 4172 conji-
