3200 5067
359 502 391 556 58
648 499 688 553 DE
705 502 733 562 Q.
752 500 783 569 S,
797 500 827 549 F.
845 498 1068 550 uuarutttluo

359 615 492 693 voluerit,
503 633 643 697 purpurea
658 613 859 689 nascivellem,
870 612 903 673 iis
913 611 1062 673 mentitum
1075 612 1194 675 induere
1205 614 1343 694 colorem,

359 739 444 801 quem
455 720 568 781 landem
579 720 624 781 his
635 716 831 799 atquetalihus
839 716 869 778 in
879 734 959 777 suam
969 709 1344 797 adduoet'sententiamqtpt

399 824 504 885 l'erdm
519 824 548 883 in
566 821 655 883 altero
674 819 745 881 libro
761 838 791 880 se
808 820 966 899 digniorem
986 819 1145 880 invenimus
1162 819 1342 901 Septimium,

357 927 495 1008 illudque,
512 924 587 1005 qdod
597 927 658 1004 jam
673 924 807 999 diximus,
829 924 1006 1004 propositum
1021 931 1193 1000 servantem,
1209 931 1242 985 ut
1255 926 1345 987 chris-

357 1032 463 1093 tianam
485 1030 571 1091 vitam
596 1028 782 1090 Ethnioorum
802 1027 973 1090 admixtione
992 1046 1106 1088 morum
1124 1030 1271 1110 corrumpi
1285 1049 1344 1092 uon

357 1135 490 1216 patiatur.
510 1134 535 1194 Α
554 1132 701 1210 gentilium
724 1130 861 1192 matronis
881 1132 1034 1193 christiana
1054 1133 1169 1209 mulier,
1192 1140 1224 1195 ut
1238 1134 1267 1194 iu
1286 1154 1345 1197 cae-

359 1237 438 1313 teris,
462 1237 574 1298 incessu
590 1254 702 1317 quoque
716 1235 856 1296 divertere
869 1234 964 1313 dehet,
987 1235 1122 1316 quoniam
1136 1237 1271 1316 perlectae
1286 1258 1343 1319 pu-

359 1341 461 1404 dicitiae
475 1340 608 1421 appetitio
630 1340 675 1400 sul
690 1355 746 1399 uon
765 1339 876 1399 tannim
891 1356 948 1399 non
962 1340 1130 1421 expetenda,
1142 1341 1242 1401 verdm
1258 1342 1344 1403 eliam

358 1444 529 1507 exsecranda
546 1450 598 1505 est.
619 1441 660 1503 ltd
682 1443 751 1519 ergo
770 1442 893 1520 incedut,
909 1450 952 1520 ut,
972 1444 1008 1505 de
1021 1444 1193 1505 conscientia
1207 1450 1258 1507 sua
1272 1466 1343 1509 con-

358 1551 421 1624 fisa,
433 1556 527 1609 tamen
543 1548 658 1625 timeat;
673 1548 758 1608 timor
772 1547 988 1609 fundamentum
1001 1546 1099 1607 salutis
1112 1553 1165 1624 est,
1181 1557 1342 1631 praesump-

358 1653 402 1716 tio
414 1655 481 1714 vero
505 1651 739 1732 impedimentum
761 1650 881 1711 timoris.
904 1648 977 1722 Quid
999 1658 1094 1711 autem
1116 1650 1197 1711 alteri
1213 1651 1342 1731 periculo

360 1764 414 1833 est,
424 1775 508 1837 quem
524 1763 555 1816 ut
569 1755 758 1836 nosmetipsos
773 1753 890 1831 diligere
899 1754 1058 1833 jubemur‘l
1071 1754 1139 1815 ldeh
1154 1773 1213 1816 non
1231 1757 1342 1817 tantdm

356 1864 430 1925 hctae
444 1861 658 1943 pulchritudinis
671 1859 797 1921 studium
812 1856 1017 1937 respuendum,
1039 1856 1088 1917 sed
1103 1857 1189 1918 eliam
1204 1859 1342 1920 naturalis

356 1966 519 2047 speciositas
542 1963 736 2045 obliteranda:
757 1978 837 2037 nam,
855 1959 907 2021 etsi
925 1960 1101 2022 accusandus
1114 1962 1201 2023 decor
1214 1980 1271 2023 non
1285 1971 1339 2040 est,

356 2076 387 2129 ut
409 2070 509 2130 divinoe
531 2067 654 2147 plasticae
671 2067 805 2143 accessio,
821 2075 853 2127 ut
867 2065 971 2127 animae
989 2066 1083 2147 aliqua
1096 2067 1180 2127 vestis
1199 2067 1287 2143 hona,
1303 2068 1341 2129 ti-

356 2174 477 2235 meudus
502 2179 546 2233 est
576 2179 671 2233 lamen
701 2177 819 2251 propter
849 2170 974 2250 pericula
1005 2189 1039 2232 ex
1065 2172 1115 2233 illo
1141 2172 1339 2234 redundantia.

357 2275 510 2351 Praeterea,
532 2276 547 2335 i
564 2274 669 2337 Christi
686 2270 832 2355 disciplina
846 2276 970 2336 alienum
984 2282 1027 2336 est
1038 2276 1074 2338 de
1089 2275 1145 2337 ulll
1165 2294 1198 2337 re
1212 2276 1339 2355 gloriari,

358 2382 463 2458 quanli
479 2379 567 2457 magis
581 2379 717 2441 decarne
731 2379 908 2440 occasionem
924 2379 1049 2460 peccatis
1062 2378 1251 2460 praebente3h
1267 2399 1339 2441 con·

356 2484 446 2563 jugali
466 2483 623 2563 discipline,
640 2482 701 2544 aliis
715 2483 830 2545 studere
846 2485 931 2564 quem
948 2484 1052 2546 marito
1065 2484 1189 2564 placere.
1206 2483 1340 2546 Servetur

358 2587 454 2667 itaque
468 2588 593 2649 honestae
614 2586 759 2648 munditiae
772 2586 894 2649 modus:
916 2588 993 2668 quhd
1010 2590 1034 2649 si
1052 2588 1169 2650 restituis
1189 2594 1218 2649 et
1238 2588 1339 2669 reliqui

359 2695 476 2755 ornatus
489 2696 593 2774 pompa
611 2700 727 2773 propter
741 2692 907 2769 dignitatem
921 2693 994 2753 forte
1006 2693 1142 2754 utendum
1161 2692 1257 2769 luerit,
1278 2711 1339 2754 me-

359 2796 474 2857 minerit
495 2796 541 2878 pia
567 2796 671 2857 mulier
693 2795 821 2877 Apostoli
844 2794 882 2855 ital
904 2794 956 2870 uti,
980 2795 1018 2855 ita
1033 2795 1180 2875 possidere
1198 2795 1336 2875 jubentis,

359 2904 494 2979 tanquam
510 2904 840 2980 nequeulamur,ncque
851 2896 1018 2958 habeamus.
1029 2895 1071 2957 Ne
1080 2896 1173 2976 plura,
1184 2915 1247 2977 quae
1254 2916 1339 2959 causa

359 3002 523 3065 Christianae
551 3002 726 3089 instructilis!
745 3000 922 3082 prodeundi,
947 3001 1012 3060 otim
1039 2999 1075 3061 ab
1108 3000 1240 3061 omuibus
1269 3001 1339 3063 locis

359 3106 499 3168 abstineat
520 3107 549 3166 in
570 3105 676 3185 quibus
698 3105 762 3165 talis
790 3122 894 3183 pompa
923 3102 1096 3183 requiritur,
1120 3118 1276 3184 omnesque
1298 3104 1338 3165 illi

360 3207 558 3287 progrediendi
580 3208 655 3269 foras
678 3206 857 3283 occasiones,
882 3206 1065 3283 gravitatem,
1088 3224 1146 3267 non
1167 3206 1264 3268 luxum
1285 3226 1338 3269 ex·

360 3308 497 3389 poscant‘l
1111 3315 1112 3318 ’

401 3411 433 3469 lt⁰
450 3408 588 3487 lienique,
609 3409 719 3472 duohus
742 3411 822 3473 libris
842 3430 957 3473 uxorem
979 3430 1060 3472 suam
1083 3411 1185 3474 Noster
1196 3413 1338 3476 allocutus

362 3522 415 3592 est,
432 3513 534 3596 quihus
548 3512 618 3573 nihil
639 3514 763 3591 gravius,
779 3521 830 3575 aut
852 3516 963 3595 purius,
987 3526 1037 3579 aut
1060 3517 1147 3580 etiam
1167 3520 1334 3598 jucundius,

359 3618 399 3679 nil
427 3619 463 3680 ad
490 3617 673 3679 illustrandos
700 3617 859 3707 christiane
888 3608 1063 3701 antiquitatis
1094 3641 1188 3685 mores
1221 3622 1333 3699 utilius,

359 3720 414 3781 illis
435 3719 610 3801 temporibus
632 3720 767 3782 invenias.
784 3720 858 3793 Quid
872 3722 907 3783 de
924 3724 1043 3804 nuptiis,
1058 3725 1094 3787 de
1113 3726 1282 3803 virginitate,
1300 3726 1338 3787 de

358 3822 492 3885 uiduitate
514 3824 643 3900 sentiret,
663 3825 718 3886 hoc
740 3825 888 3904 opusculo,
908 3826 942 3888 ad
957 3847 1075 3892 uxorem
1089 3831 1150 3911 pari
1163 3833 1335 3892 consensui

357 3945 388 3991 se
409 3914 568 4007 separatam
589 3927 707 4003 directo,
731 3925 882 3990 declaravit
904 3929 1068 4011 Septimius.
1091 3930 1127 3992 lis
1150 3931 1334 3993 nullomodo

392 4126 426 4193 (l)
436 4128 472 4179 lie
487 4128 553 4180 Gult.
568 4128 666 4191 lomim,
680 4128 699 4178 l.
715 4127 734 4190 l,
751 4128 830 4190 §l·7.
