3200 5067
461 523 643 576 oooscmun
660 524 917 576 ruinosormcuu.
976 489 980 495 ’
1145 528 1178 578 re

202 636 271 714 Quid
296 637 386 699 mori?
406 637 524 700 dissolui.
552 638 623 713 Quid
644 638 757 702 animo?
774 637 891 718 simplex
916 637 1021 718 aliquid
1041 658 1125 720 neque
1146 641 1179 701 in

199 749 291 819 portes
311 739 446 802 solubile:
472 743 534 820 erpi
552 740 625 802 nibil
645 739 690 802 illi
710 761 771 802 cum
792 743 920 803 interitu.
944 740 1089 822 Optimum
1110 743 1179 804 sane

200 842 346 906 Platonico
362 851 575 922 argumentum,
592 844 641 925 qui
662 843 732 906 nibil
757 863 850 925 neque
865 844 967 922 creari,
983 860 1077 924 neque
1089 843 1125 905 ad
1137 843 1182 906 ni-

200 946 289 1008 bdum
304 946 394 1025 redigi
408 965 494 1028 posse
507 947 617 1025 eredit3
632 947 793 1010 Christiano
805 951 873 1009 verb
887 947 1057 1029 pessimum,
1071 947 1116 1009 cui
1125 946 1182 1008 im·

202 1039 356 1112 mortalitas
372 1051 388 1111 a
402 1050 453 1111 Dei
478 1057 617 1132 potestate
642 1051 759 1113 omninb
779 1051 870 1113 libera
891 1070 948 1114 non
969 1051 1106 1133 placeret.
1124 1041 1183 1112 lm·

202 1153 401 1215 mortalitatem
415 1153 491 1215 enim
505 1153 544 1214 ita
558 1154 706 1216 animabus
720 1154 905 1235 adscriptam,
920 1157 1002 1237 quasi
1016 1155 1053 1217 ad
1065 1154 1180 1216 illarum

202 1243 332 1318 naturam
348 1257 508 1318 neeessarib
523 1257 675 1336 pertineat,
686 1258 833 1320 aeternitas
847 1261 863 1318 d
877 1268 955 1337 purte
969 1261 1034 1320 untb
1047 1259 1182 1320 continui

203 1367 349 1440 sequetur,
358 1361 534 1441 aderuntque
548 1362 685 1423 omnesde
699 1362 861 1425 animarum
874 1363 1018 1425 divinitate
1030 1363 1182 1440 labulao,ct

204 1455 339 1545 quidquid
353 1465 477 1546 pestiferi
491 1466 520 1526 in
535 1475 678 1548 πανθεισμῷ
687 1467 844 1528 inducitur.
860 1465 933 1537 Quid
948 1464 1026 1526 enim
1039 1464 1080 1526 sic
1093 1482 1181 1542 argu-

203 1574 331 1630 mentum
345 1575 512 1649 retorquere
525 1569 675 1649 prohibeat
689 1590 696 1629 :
715 1568 785 1642 Quid
800 1568 950 1628 nutimtos?
959 1569 1084 1647 portium
1102 1571 1183 1629 anteri

203 1671 593 1750 disjunctorumcoapreputio.
611 1668 682 1742 Quid
691 1669 937 1749 onimolsimplcx
946 1669 1051 1750 aliquid
1060 1689 1109 1731 nec
1115 1689 1184 1750 pur·

204 1774 272 1834 tium
280 1773 424 1851 junctione
434 1772 590 1848 condatum.
601 1771 674 1849 Erpb
684 1771 779 1830 animo
789 1773 806 1830 d
815 1773 959 1832 nativitate
968 1772 1071 1833 aluno.
1083 1773 1139 1835 Sed
1148 1773 1185 1834 il·

204 1876 252 1938 lud
260 1876 334 1936 inest
344 1874 456 1954 utrique
466 1873 628 1953 syllogismo
636 1873 829 1953 vitium,qubd
839 1874 920 1935 alteri
930 1875 1184 1938 tantumbduabus

204 1979 337 2042 nascendi
347 1977 563 2058 internuntiique
572 1976 671 2039 formis
683 1969 886 2054 attenditeam
899 1977 962 2039 dico
974 1996 1038 2059 quae
1045 1980 1186 2060 composi·

206 2084 241 2145 tis
254 2083 340 2145 rebus
350 2081 496 2160 congruit3
514 2099 577 2143 eam
591 2083 658 2143 verb
668 2081 773 2144 omittit
785 2090 835 2144 aut
848 2089 932 2159 negat
947 2081 1038 2162 (quod
1051 2081 1080 2144 in
1095 2083 1187 2145 cbris-

207 2187 282 2248 tiano
297 2185 467 2268 philosopho
482 2183 608 2264 mireris)
624 2202 689 2265 quae
701 2185 825 2246 creando
844 2191 872 2246 et
886 2185 1001 2266 penitds
1014 2186 1186 2248 destruendo
1273 2181 1281 2196 '

208 2290 343 2373 procedit.
353 2289 531 2368 Quamquam
547 2287 614 2368 quid
625 2288 660 2350 de
671 2288 842 2350 destruenda
858 2292 987 2350 creatura
1000 2289 1186 2369 loquorlcu-

206 2396 252 2476 jus
260 2415 293 2458 ea
304 2401 346 2456 est
355 2393 489 2469 conditio,
498 2400 541 2470 ut,
553 2392 679 2474 pondere
689 2411 752 2470 suo,
762 2403 796 2462 εἰς
804 2402 833 2454 τὸ
842 2394 1011 2475 putendum
1020 2394 1121 2456 educta
1131 2402 1185 2471 est,

208 2494 340 2556 continub
354 2491 472 2569 recidat,
488 2491 518 2552 ni
534 2490 617 2553 vitam
627 2492 816 2572 jamjamque
830 2492 1017 2569 defecturam,
1033 2499 1188 2573 perpetuus

208 2605 314 2682 aeterno
333 2595 459 2658 delente
477 2601 587 2657 recreet
601 2594 733 2657 influxus.
750 2594 850 2672 Igitur,
867 2594 892 2655 si
906 2594 942 2655 ad
958 2602 1088 2657 naturam
1102 2615 1188 2677 spec-

209 2710 263 2776 tes,
279 2707 311 2762 ut
324 2700 393 2761 nihil
415 2707 567 2775 aeternum,
592 2697 630 2760 ita
652 2697 723 2758 nibil
747 2698 911 2761 immortale
925 2699 980 2760 nisi
1001 2701 1078 2761 solus
1091 2700 1184 2761 Deus:

208 2805 231 2866 si
245 2805 281 2866 ad
295 2805 426 2882 gratiam,
442 2803 539 2864 omnia
550 2801 783 2878 immortalitatis,
794 2802 823 2863 id
834 2811 877 2864 est
893 2804 984 2866 aetatis
997 2803 1191 2866 indesinenter

210 2909 391 2983 continuatio,
412 2907 525 2988 capacia
545 2913 624 2980 sunt,
639 2922 732 2984 neque
747 2904 789 2966 vel
812 2889 925 2967 minimi
940 2907 1069 2985 interest,
1085 2927 1186 2988 corpo·

210 3035 295 3078 reane
308 3016 364 3076 sint
377 3015 498 3094 idebque
511 3012 679 3094 composita,
695 3029 730 3073 an
748 3010 884 3092 spiritalia
894 3013 1016 3094 idebque
1029 3014 1187 3095 simplicia:

213 3129 300 3184 unum
314 3119 396 3183 nobis
409 3117 578 3180 intuendum
592 3123 646 3194 est,
664 3117 756 3179 divina
773 3118 809 3179 de
821 3117 876 3178 illis
890 3117 1033 3195 voluntas,
1049 3119 1108 3180 sive
1125 3137 1190 3180 vcr-

158 3269 162 3276 ·
211 3226 255 3289 bis
269 3225 419 3290 desursbm
434 3220 671 3285 descendentibus
682 3221 853 3298 innotescat,
868 3221 926 3284 sive
939 3230 1040 3284 natura
1052 3217 1189 3301 bumana,

212 3330 267 3404 altb
281 3328 467 3403 intuentibus,
483 3326 543 3406 ipsa
558 3325 644 3387 finem
666 3325 701 3386 ad
724 3344 809 3406 quem
827 3326 914 3388 ibeo
928 3327 1056 3390 instituta
1070 3335 1123 3406 est,
1140 3328 1192 3390 de-

213 3433 312 3494 claret.
328 3430 395 3493 Inde
410 3430 485 3490 enim
503 3427 640 3505 elucebit,
657 3429 822 3515 eam-luisse
838 3428 964 3493 Creatori
981 3438 1118 3510 mentem,
1134 3450 1192 3494 non

214 3542 246 3596 ut
262 3535 403 3610 homines,
428 3531 592 3613 asperrimis
614 3531 679 3594 vitae
700 3531 833 3593 fluctibus
853 3532 902 3594 did
919 3535 1028 3614 jactati,
1046 3534 1192 3612 naufragio

214 3638 327 3700 tandem
344 3637 575 3712 absumerentur,
593 3635 642 3696 scd
654 3642 697 3712 ut,
720 3641 835 3715 portum
859 3634 1012 3712 aliquandi
1025 3634 1130 3713 adepti,
1144 3653 1193 3695 su-

214 3760 321 3822 premae
332 3739 494 3803 beatudinis
511 3739 612 3801 fierent
626 3739 792 3820 participes,
810 3738 892 3815 cujus
907 3753 1018 3811 omnes,
1034 3737 1077 3796 rel
1099 3736 1191 3815 inscii,

215 3843 335 3906 naturali
350 3859 449 3904 amore
462 3840 606 3904 ardemus.

255 3928 358 4008 Nostro
372 3946 514 4024 integrum
532 3937 587 4005 tuit
599 3951 705 4006 rectam
729 3943 805 4004 hanc
826 3941 1011 4003 detendendae
1024 3941 1196 4004 immortaliss

216 4049 280 4112 tatis
294 4051 367 4112 siam
378 4047 461 4124 inire,
474 4065 529 4108 uec
543 4048 605 4127 ejus
619 4047 647 4108 in
663 4045 775 4126 scriptis
789 4045 944 4126 quidquam
956 4043 1059 4106 horum
1070 4063 1133 4125 quae
1142 4046 1194 4107 ho-

216 4153 321 4216 minem
339 4152 465 4214 efficiunt
479 4150 620 4229 scientiae,
636 4156 664 4212 et
676 4150 797 4227 virtutis,
818 4157 847 4212 et
869 4147 1087 4212 immortalitatis
1108 4167 1194 4231 capa-
