3200 5067
466 455 649 508 oruscuwn
667 454 925 508 rffltosortttctttt.
1155 459 1190 512 83

213 588 229 630 c
252 577 283 632 ut
296 569 357 650 ipse
374 542 592 645 substruendbu
617 586 669 629 nec
691 575 720 629 ut
743 569 804 648 ipse
827 568 1000 646 loricandus,
1016 588 1068 633 nec
1082 579 1115 634 ut
1129 572 1190 654 ipse
1235 628 1238 632 .

212 693 229 732 c
253 671 452 748 tibicinandus,
465 672 515 734 sed
530 671 726 734 tantummodo
741 672 943 749 continendus,
959 674 1096 753 quianon
1109 676 1192 739 aliter

213 797 228 837 c
253 776 391 840 contineri
406 777 495 857 possit
507 777 593 856 qudm
604 775 694 837 domo
712 775 803 836 fulta:
826 773 951 856 alioquin
969 775 1065 869 licebit
1076 778 1192 855 animae,

214 898 230 938 a
248 879 359 960 ¹dilapsa
375 879 460 940 domo
477 897 513 950 ,ex
533 878 716 942 destitutione
737 879 920 960 propriorum
932 880 1136 959 subsidiorum,
1149 881 1195 944 in·

214 1003 229 1043 r
253 983 359 1044 columi
372 983 462 1059 abire,
480 982 598 1044 habenti
619 999 671 1044 saa
693 983 889 1058 firmamenta,
907 991 937 1044 et
956 985 1082 1064 propriae
1094 985 1194 1047 condi·

216 1107 231 1148 c
251 1089 337 1150 tionis
356 1088 502 1164 alimenta,
525 1083 780 1163 immortalitatem,
805 1088 1035 1166 rationalitatem,
1051 1091 1195 1152 sensuali-
1252 1153 1256 1158 ,

217 1197 352 1267 «tuem,
378 1190 660 1267 intellectualitatem,
683 1191 792 1253 arbitrii
815 1191 990 1269 libertatem
1013 1193 1196 1273 quaomnia

217 1311 232 1355 c
254 1290 388 1370 nativitus
413 1295 517 1356 animae
541 1295 666 1372 conlata,
693 1295 768 1358 idern
795 1295 845 1375 qui
867 1294 896 1356 iu
920 1295 1078 1376 primordio
1098 1295 1197 1360 invidit

217 1416 232 1457 r
255 1413 332 1458 nunc
347 1415 462 1478 quoque
475 1398 629 1462 obumbrat
642 1405 727 1480 atque
745 1399 880 1480 depravat
899 1401 959 1480 (l).
977 1419 993 1461 u
1010 1400 1066 1463 Sed
1079 1400 1119 1462 nil
1133 1409 1198 1463 tan-

174 1539 182 1586 ,
217 1503 315 1581 tepere
334 1502 472 1580 Septimio
485 1502 598 1564 videtur
609 1503 769 1564 carendum
784 1504 870 1582 quam
886 1521 923 1565 ne
939 1503 1035 1565 anima
1051 1504 1082 1564 in
1097 1513 1197 1586 partes

216 1604 300 1667 dividi
322 1625 406 1686 posse
425 1607 570 1685 credatur,
591 1624 645 1667 nec
671 1607 734 1668 illas
758 1609 816 1672 tim
847 1613 942 1688 partes
971 1607 1074 1670 animat
1096 1606 1196 1670 baberi

213 1708 277 1768 uult
290 1709 376 1787 quarn
392 1707 478 1784 viras,
493 1714 522 1768 et
537 1708 689 1786 efficacias,
703 1716 733 1771 et
748 1727 860 1791 operas.
878 1711 971 1774 ‹llon
981 1713 1058 1775 enirn
1068 1712 1198 1776 membra

217 1831 232 1871 c
258 1818 327 1874 sunt
349 1809 516 1873 substantiae
540 1811 681 1891 animalis,
703 1813 753 1875 sed
776 1814 908 1893 ingenia:
930 1822 962 1876 ut
985 1816 1151 1894 motorium,
1167 1824 1216 1884 ut¹

219 1935 234 1978 c
257 1916 410 1993 actorium,
426 1923 458 1978 ut
472 1916 683 1997 cogitatorium,
701 1920 772 1981 etsi
793 1937 850 2000 qua
868 1919 898 1980 in
918 1919 995 1980 bunc
1009 1919 1200 1982 modumdis-

125 2083 192 2114 „-
219 2043 234 2084 e
258 2022 402 2102 tinguunt.
420 2022 527 2096 Quibus
551 2022 686 2085 omnibus
702 2025 755 2086 etsi
777 2032 856 2088 certa
878 2023 997 2102 singulis
1014 2023 1156 2086 domicilia
1169 2025 1199 2085 in

221 2145 379 2208 tempore
393 2127 669 2204 determinaverunt,
687 2145 743 2190 non
765 2127 870 2190 idcirco
892 2129 955 2192 baec
976 2147 1090 2210 quoque
1102 2129 1200 2191 distri·

223 2253 238 2294 r
259 2233 337 2294 butio
349 2232 452 2294 animm
465 2234 502 2294 ad
512 2234 614 2296 animae
626 2232 765 2295 sectiones
778 2233 930 2314 pertinebit
943 2235 1005 2316 (2).
1022 2254 1038 2295 n

235 2336 398 2420 benique,
417 2337 531 2416 nequis
554 2353 652 2416 poenas
671 2335 847 2415 nocentium,
869 2337 1069 2419 bonorumque
1086 2353 1199 2400 merce-

221 2441 284 2518 des,
299 2449 363 2524 post
376 2427 568 2514 animarumd
579 2440 749 2521 corporibus
764 2441 921 2502 discessum
935 2439 1103 2505 differendas
1121 2439 1200 2502 arbi-

221 2552 311 2620 tretur
335 2547 428 2609 donec
454 2545 602 2624 utriusque
629 2544 841 2624 redintegretur
868 2543 1063 2619 consortium,
1092 2544 1197 2624 optimo

220 2648 321 2710 Noster
335 2647 458 2712 ostendit
473 2666 489 2709 t
504 2648 609 2730 saepids
622 2649 757 2726 animam,
773 2665 830 2710 non
843 2654 990 2729 expectato
1002 2662 1134 2728 corpora,
1149 2646 1200 2710 do-

223 2772 237 2814 «
261 2753 320 2814 lere
333 2760 384 2816 aut
395 2753 528 2832 gaudere,
543 2751 653 2832 sibique
667 2753 702 2814 de
711 2771 763 2814 suo
778 2752 910 2815 sulficere
923 2752 959 2814 ad
970 2751 1120 2831 utriusque
1133 2751 1200 2812 titu-

223 2875 237 2919 α
261 2856 320 2916 lum
336 2855 485 2937 passionis.
505 2855 632 2933 Quoties,
648 2855 736 2918 illeso
750 2871 882 2936 corpore,
900 2856 995 2918 auium
1007 2856 1068 2918 sola
1081 2863 1200 2936 torque-

224 2978 238 3019 α
263 2967 311 3021 tur
333 2959 410 3037 bile,
435 2960 494 3038 ira,
517 2959 602 3022 laedio
627 2959 797 3040 plerumque
820 2977 874 3021 nec
896 2959 951 3020 sibi
973 2958 1063 3020 notol
1087 2959 1200 3038 quoties

225 3081 240 3122 a
262 3063 342 3141 nem,
359 3081 479 3144 corpore
502 3063 624 3140 adflicto,
642 3063 778 3124 furtivum
802 3064 855 3126 sibi
879 3063 1015 3143 gaudium
1036 3063 1131 3124 anima
1151 3080 1199 3124 er·

224 3185 239 3226 c
262 3165 359 3246 quirit,
375 3166 569 3248 etdcorporis
584 3167 746 3247 importuna
761 3173 822 3228 tum
836 3161 969 3230 societate
985 3166 1112 3230 secedet
1124 3164 1203 3227 blen-

225 3291 240 3332 ι
263 3273 328 3352 tior,
346 3272 370 3334 si
387 3291 444 3334 non
459 3272 494 3334 de
508 3271 579 3353 ipsis
592 3272 762 3334 cruciatibus
776 3270 903 3352 corporis
917 3280 945 3332 ct
960 3270 1075 3348 gloriari
1088 3275 1116 3332 et
1129 3287 1201 3347 gau-

228 3377 333 3438 cdere
362 3377 423 3440 sola
453 3376 609 3438 consuevit.
639 3376 760 3458 Respice
789 3376 834 3438 ad·
852 3375 930 3437 llutii
957 3377 1103 3452 animam,
1134 3374 1224 3461 edm*

228 3501 242 3540 c
265 3482 410 3545 dexteram
431 3500 513 3542 suam
535 3480 648 3560 ignibus
668 3479 760 3542 solvit.
783 3479 903 3560 llcspice
926 3479 966 3541 ad
980 3478 1112 3554 Zenonis,
1134 3475 1201 3538 edm
1224 3476 1226 3482 ’
1288 3551 1292 3555 Δ

226 3610 241 3641 c
263 3586 340 3648 illam
357 3585 483 3666 Dionysii
499 3590 640 3648 tormenta
654 3590 838 3666 praetereunt.
855 3583 965 3644 Morsus
980 3583 1103 3643 ferarum
1117 3595 1202 3639 orna·
1324 3580 1328 3588 '

225 3709 240 3750 c
261 3697 357 3752 mente
370 3698 436 3754 sunt
446 3691 614 3769 juventutis,
631 3689 705 3750 utin
719 3687 791 3766 Cyro
811 3685 870 3746 ursi
883 3685 1029 3744 cicatrices
1044 3682 1105 3762 (3).
1123 3698 1139 3740 n
1259 3724 1262 3731 a

257 3918 291 3982 tt)
306 3918 342 3969 ltc
355 3918 414 3979 An,
427 3919 439 3981 t
454 3918 498 3968 m.

141 4079 143 4082 Ι
259 4007 291 4070 tt)
305 4011 358 4068 ld,
373 4010 385 4071 t
400 4010 440 4059 lt.

258 4101 292 4165 (a)
306 4103 381 4162 1e.,s
394 4102 436 4151 aa.
