3200 5067
488 449 673 504 opusculum
690 451 950 508 Pultosot‘tttctltt.
1159 462 1207 514 tac

232 584 246 623 ι
269 562 442 644 poenitentiae
461 562 585 626 subsidia
606 566 790 628 convenient:
814 575 864 629 aut
884 568 1045 646 detinemus
1066 590 1142 650 eam,
1157 585 1208 636 aut

230 688 245 726 ι
267 665 415 749 sequimur
427 667 517 747 (1).»

267 771 364 834 Cernis
378 778 427 848 ut,
442 771 511 833 dum
526 789 560 832 eu
576 789 627 834 cre
649 771 790 854 loquentis
808 775 934 856 pendes,
953 783 984 838 et
999 794 1102 856 magna
1124 795 1206 842 uora-
1287 833 1290 837 .

227 895 282 956 que
295 877 459 957 loquentem
480 877 577 941 andus
591 877 707 959 excipis,
730 879 784 942 sub
798 881 856 942 line
868 899 900 945 se
913 882 944 945 in
959 881 1070 944 incauta
1089 890 1205 963 pectora

132 967 137 975 ’
225 969 350 1043 insinuet
362 998 516 1057 veneumn,
530 982 621 1061 eoque
633 981 712 1062 quasi
724 979 832 1045 inscius
842 983 1003 1061 adducaris,
1013 985 1204 1051 utmoecuiam
1251 1040 1255 1048 .

225 1083 382 1148 idololatria
396 1073 439 1146 vii
454 1083 612 1160 meliorem,
628 1084 779 1147 homicidio
794 1088 872 1148 certe
886 1088 1026 1168 pejorem,
1038 1089 1056 1150 d
1067 1088 1205 1170 poeniten·

224 1187 259 1248 oa
275 1205 340 1250 cum
353 1195 473 1269 unoque
484 1187 634 1253 arcendam
650 1206 777 1252 censeas.
786 1187 873 1268 Quid,
888 1189 913 1253 si
926 1197 1081 1273 utrumque
1093 1192 1203 1255 neniam

224 1290 385 1370 poenitcudo
407 1287 619 1369 consequatur?
642 1289 728 1370 Quid,
752 1293 788 1370 si,
813 1293 881 1355 dum
896 1295 942 1356 lex
961 1303 1041 1356 vetus
1061 1295 1205 1363 obtineret

225 1394 323 1474 (quam
336 1393 430 1470 lieris,
445 1394 574 1458 nondum
588 1393 714 1456 humano
728 1395 826 1472 generi
840 1396 1056 1473 reconciliatus,
1070 1383 1203 1462 acerbam

142 1523 149 1536 ·
221 1499 288 1561 sane
304 1498 479 1576 condiderat,
494 1505 523 1562 at
537 1497 575 1560 ab
588 1497 758 1576 evangelice
772 1499 843 1576 legis
857 1498 1050 1562 misericordia
1068 1501 1141 1563 aueo
1153 1519 1202 1564 ro
1255 1570 1260 1577 ,

160 1596 164 1602 “
221 1607 338 1676 mamm,
359 1608 391 1663 ut
408 1602 470 1664 haec
489 1601 525 1664 ab
543 1619 654 1678 umora,
669 1603 685 1664 d
699 1603 801 1664 timore
814 1602 862 1664 illa
876 1619 981 1665 nomeu
995 1611 1123 1666 mutuata
1136 1605 1200 1685 sit),

156 1783 159 1788 Ι
219 1722 297 1768 nunc
309 1704 499 1783 stagnorum,
520 1723 597 1768 nunc
610 1705 696 1768 totius
716 1705 809 1785 gentis
825 1705 1068 1783 fornicationibus,
1083 1715 1201 1789 propter
1226 1701 1229 1705 ’
1328 1791 1332 1798 Ι

219 1808 413 1888 poeniteutiam
428 1807 503 1871 Deus
524 1807 686 1889 ignoverit?
701 1807 786 1886 Quid,
802 1808 827 1872 si
844 1807 915 1870 illud
928 1809 964 1870 od
981 1818 1099 1871 mortem
1115 1810 1200 1873 delic-

218 1922 283 1983 tum,
300 1932 352 1994 pro
363 1933 432 1995 qno,
448 1921 547 1995 utpote
559 1913 761 1991 irremissibili,
772 1913 807 1976 Β.
819 1912 945 1977 loannes
958 1921 1044 1992 negat
1057 1915 1198 1980 orandum

218 2035 290 2094 esse,
300 2018 340 2079 nil
351 2017 428 2080 aliud
437 2025 480 2080 est
487 2019 573 2098 quim
583 2017 712 2099 peruicax
722 2018 881 2100 paenitendi
892 2018 1048 2097 recusatio,
1059 2037 1197 2101 quaapee-

217 2129 342 2184 eatcrem
355 2121 457 2185 divinae
471 2121 572 2184 ultioni
588 2110 673 2184 uadit
684 2123 741 2184 dse
754 2122 818 2203 ipso
829 2122 1006 2199 damnatum,
1018 2123 1195 2205 perimpium

208 2227 441 2308 desperationem
461 2215 552 2310 ‘quam
578 2225 710 2290 omnibus
732 2225 928 2307 peccatoribus
945 2221 1118 2307 septimiano
1138 2226 1195 2289 im-

216 2332 307 2394 mittat
320 2333 470 2396 doctrina?
485 2333 572 2410 Quid,-
584 2332 609 2396 si
619 2338 708 2394 totam
720 2332 794 2398 hanc
811 2330 988 2412 disciplinam
1001 2329 1195 2412 praeludeudi

215 2433 383 2515 quibusdam
396 2436 505 2500 delictis
519 2436 612 2498 aditus
628 2434 663 2496 ad
677 2434 873 2516 paenitentiam
884 2432 1194 2516 Septimiuscommcu·

215 2547 259 2599 tus
280 2535 341 2616 est,
358 2539 488 2620 ipseque,
511 2539 547 2601 de
566 2538 733 2620 poenitentia
748 2539 911 2603 Catholicae
931 2546 1067 2616 tractam,
1081 2545 1192 2601 arctum

214 2643 282 2706 illud
302 2645 406 2706 ostium
427 2644 561 2708 omnibus
580 2652 675 2708 umen
700 2653 797 2725 petere
817 2661 974 2725 numquam
994 2641 1117 2720 negarit,
1133 2641 1192 2705 imo
1212 2668 1216 2673 ·

213 2748 388 2827 apertissime
400 2735 544 2828 professus
558 2755 601 2810 est
616 2749 686 2829 (ιγ.)

251 2851 426 2916 Reclamabit
439 2851 603 2934 Septimius,
625 2870 683 2914 non
701 2852 807 2914 nosue
820 2850 866 2928 agi
879 2848 1085 2931 poemteutmm
1099 2849 1190 2930 siqui·

211 2955 276 3017 dem
290 2955 454 3035 ignoscendi
467 2956 597 3034 manitas,
612 2957 706 3037 maior
722 2956 809 3038 quam
823 2961 856 3016 ut
870 2949 1036 3014 homiuibus
1048 2951 1187 3029 tradatur,

211 3056 318 3136 integre
339 3059 368 3120 in
388 3059 447 3121 lieo
472 3066 578 3122 manat.
604 3050 805 3122 «Paenitentia
823 3056 901 3119 enim
913 3048 951 3118 ad
970 3053 1123 3117 Dominum
1140 3070 1190 3116 re·

212 3181 227 3221 ι
249 3161 348 3240 missa,
372 3169 401 3224 et
422 3161 463 3224 illi
484 3161 585 3225 emnde
604 3163 759 3244 prostrate,
780 3161 837 3223 hoc
850 3160 912 3242 ipso
924 3158 1017 3238 magis
1028 3155 1189 3238 sperabitur

212 3284 227 3324 ι
248 3265 340 3344 recia,
362 3266 441 3346 quod
464 3285 528 3328 eam
549 3268 565 3327 d
587 3265 648 3328 solo
662 3265 720 3329 Deo
735 3273 844 3343 exorat,
859 3265 934 3346 quot
949 3262 1051 3326 delicto
1064 3279 1118 3324 suo
1132 3261 1187 3324 hu·
1308 3341 1314 3347 ἱ

211 3390 226 3430 ι
248 3387 361 3432 suanam
386 3389 484 3453 pacem
500 3390 559 3434 non
580 3371 713 3434 sufficere
725 3371 827 3449 credit,
846 3370 924 3452 quod
936 3368 1068 3432 antesin
1081 3367 1189 3431 mavult

210 3493 225 3534 a
248 3475 428 3554 erubescere,
443 3478 530 3558 quam
544 3474 768 3539 communicare.
784 3475 821 3538 Et
833 3475 857 3538 si
869 3493 969 3557 pacem
988 3474 1036 3538 lule
1049 3491 1106 3536 nou
1124 3491 1188 3535 me-
1275 3487 1279 3492 ’

210 3597 225 3636 ι
247 3567 291 3655 tit,
307 3578 382 3660 apud
395 3580 548 3642 Dominum
561 3579 683 3644 seminat
698 3581 759 3661 (3).
778 3601 793 3643 r
813 3580 902 3660 Igitur
921 3578 998 3642 aliud
1011 3581 1075 3660 mus
1088 3576 1187 3638 vitium

208 3667 377 3759 recudimus,
396 3683 483 3763 quod,
495 3684 651 3746 humanam
669 3683 779 3748 ancum
795 3700 894 3764 pacem
908 3661 944 3743 ali
954 3679 1078 3743 Ecclesid
1094 3677 1188 3758 poeui-

242 3909 512 3996 (ricimannus

239 4018 273 4083 (a)
289 4021 325 4072 ne
339 4021 440 4085 renat,
454 4026 466 4086 a
480 4024 506 4073 ι.

241 4109 275 4172 (³1
291 4111 325 4162 ue
340 4112 437 4176 mon,
454 4114 466 4174 t
481 4115 507 4164 ι.
