3200 5067
461 489 665 546 ⁴0PUSGUEUll
681 491 942 556 Putuosurutcutt.
1081 521 1097 548 υ
1153 491 1203 549 ¹29

219 599 409 684 permittenda
430 602 507 666 certe
525 601 636 668 videtur
656 602 782 684 iugiemi
797 604 932 668 mculus:
950 604 1007 666 buc
1018 604 1095 668 euim
1110 624 1203 688 neque

219 706 357 784 ignaviam
381 711 432 766 aut
451 705 622 786 apostasiam
644 707 739 786 sapit,
751 701 845 787 neque
865 706 1025 769 communis
1045 709 1203 794 prudentiae

201 817 204 824 “
221 801 293 879 fines
310 809 431 885 excedit,
449 811 505 888 qua
522 809 659 890 pericula,
675 810 814 890 quantum
831 810 860 871 id
873 809 1034 872 sineullius
1053 810 1139 874 officii
1152 812 1204 874 ‹le-

221 912 356 976 trimeiato
371 911 434 974 fieri
447 918 551 992 potest,
568 913 658 974 vitare
665 913 814 992 jubemur.
825 914 922 991 Longe
934 920 1030 974 autem
1040 914 1094 975 alie
1106 930 1204 976 sacer·

226 1015 299 1084 dotis
319 1013 443 1106 conditio
466 1020 520 1091 est,
538 1015 648 1092 alege
669 1015 699 1076 in
712 1021 821 1078 tantam
836 1017 1000 1096 dignitatem
1018 1019 1154 1098 provecti,
1173 1024 1204 1079 ut

186 1129 188 1135 “
222 1119 306 1186 saluti
323 1121 483 1182 animarum
499 1119 555 1180 sibi
577 1119 795 1181 oomnnssarum
812 1121 951 1199 invigilet.
961 1121 999 1185 ‘Si
1015 1122 1092 1183 enim
1108 1130 1206 1203 pastor

222 1220 373 1302 aufugerit,
389 1223 453 1304 quis
463 1241 531 1285 oves
547 1222 703 1286 tutabitur?
717 1222 759 1299 si,
769 1223 922 1300 ingruente
934 1224 1143 1304 persecutione,
1157 1243 1205 1287 sa·

131 1311 135 1320 ’
223 1327 322 1388 cardos
334 1324 387 1387 sibi
404 1327 512 1387 uncum
528 1325 714 1407 prospexerit,
730 1325 864 1406 quispam
881 1325 980 1389 fideles
990 1326 1077 1388 solari
1091 1326 1203 1405 valebit,

223 1429 343 1504 bertari,
358 1428 488 1490 doctrine
502 1434 529 1490 et
548 1428 735 1517 sacramentis
750 1429 886 1490 adversus
908 1436 1049 1508 tormenta
1071 1430 1205 1492 munire?

118 1533 121 1538 “
224 1531 305 1606 Qube
321 1531 346 1606 si
365 1540 424 1617 non
437 1532 496 1592 tim
511 1530 672 1596 christianae
685 1530 776 1611 plebis
795 1531 937 1611 pernicies
956 1539 1101 1612 piaretur
1118 1534 1204 1614 quam

222 1636 317 1713 auius,
334 1636 416 1715 cujus
429 1635 521 1699 salute
534 1634 655 1696 sanum
668 1633 795 1695 omniumr
811 1632 950 1702 contineri
963 1632 1146 1697 manifestum
1155 1634 1207 1711 sit-,-

223 1739 282 1814 ille,
303 1757 333 1800 se
352 1737 388 1799 ad
410 1745 523 1819 tempus
536 1735 669 1818 procelle
692 1735 876 1812 subtraham,
892 1736 916 1796 si
931 1735 1020 1798 modb
1032 1736 1062 1798 id
1075 1720 1204 1800 siue'alla

140 1868 143 1872 ¹
219 1849 381 1918 sacrorum,
394 1841 455 1903 tvim
469 1841 512 1904 vel
526 1839 649 1910 aramme
661 1839 900 1916 necessariorum,
917 1840 1206 1906 intermissione'tieri

223 1935 324 2025 possit,
339 1961 398 2004 non
412 1943 498 2004 modu
512 1959 629 2004 omnem
652 1941 782 2005 vitaverit
795 1942 921 2022 culpam,
935 1943 1035 2032 vervina
1048 1943 1206 2024 optinendo
1259 1982 1261 1987 .
1321 1971 1326 1977 ·
1425 1923 1429 1930 ’

221 2045 279 2108 suis
292 2045 412 2108 meritus
429 2045 524 2108 luerit.
547 2043 615 2108 llaec
629 2043 983 2133 Cyprianummcventnt,
999 2051 1050 2122 ut,
1073 2045 1206 2127 praeibas
1237 2078 1239 2084 ,

223 2147 415 2228 lacrymisque
436 2147 563 2208 fidelium
581 2143 683 2224 victus,
706 2147 832 2227 primum
852 2148 981 2210 Deciana
1002 2149 1207 2229 persecutionis

224 2250 363 2331 impetum
383 2247 494 2325 vitaret,
516 2248 566 2328 qui
584 2257 680 2312 temen
701 2249 826 2327 absens,-
851 2250 990 2331 quosdam
1013 2251 1082 2319 cleri
1102 2252 1208 2333 suisa·

225 2353 366 2429 audeus,
390 2352 419 2414 in
441 2351 605 2432 praesidium
620 2353 755 2415 Ecclesiae
776 2354 904 2432 relictos,
926 2354 1049 2432 graviter
1067 2354 1207 2435 increpat,
1306 2345 1310 2351 ’

224 2454 301 2536 qubd
326 2453 478 2515 stationem
505 2471 588 2514 suam
616 2454 805 2519 deseruerint.
833 2455 933 2538 Neque
959 2458 1066 2521 veritus
1091 2467 1136 2522 est
1160 2458 1210 2520 ille

226 2551 295 2622 boni
314 2555 436 2637 pasturis
460 2557 575 2618 nomine
598 2556 781 2636 dignissimus
800 2579 851 2622 -ne
873 2562 937 2641 quis
958 2561 1081 2624 hanciu
1105 2580 1136 2623 se
1160 2579 1210 2624 re-

225 2665 443 2746 prehensionem
461 2669 655 2745 retorquerem
683 2647 789 2743 quippe
807 2663 854 2724 cui
878 2664 1025 2726 decretum
1048 2671 1136 2739 osset,
1160 2664 1210 2735 rabi

227 2761 340 2850 tempu's
358 2773 499 2848 posceret,
517 2767 547 2826 in
563 2767 653 2826 aciem
668 2765 683 2824 a
699 2766 755 2842 qua
773 2763 877 2823 invitus
901 2764 1078 2827 abstinuerat
1093 2767 1210 2841 reverti,

226 2878 256 2932 et
274 2870 348 2946 suis,
373 2868 476 2950 quibus
492 2885 548 2948 per
569 2867 764 2944 secessionem,
780 2866 946 2946 prolueret,
970 2886 1023 2946 per
1040 2869 1211 2945 sanguinem

228 2973 372 3053 prodesse..
1196 3018 1198 3022 .

268 3073 470 3152 Nattabutum
486 3071 597 3134 ratione
614 3070 722 3147 babitu,
735 3066 887 3151 Septimius
898 3072 997 3134 contra
1006 3070 1142 3133 Ecclesia
1152 3077 1197 3132 tra

229 3180 376 3254 ditionem,
399 3178 499 3239 contra
519 3173 663 3252 Evangelii
684 3181 873 3254 preceptum,
895 3174 996 3234 contra
1018 3173 1212 3253 apostolorum

229 3282 375 3364 ipsiusque
386 3269 491 3348 Christi
500 3278 800 3364 exemplumomnm,
809 3294 936 3358 semper,
947 3275 1063 3356 ubique,
1071 3275 1211 3359 lagereio

226 3383 427 3466 persecutione
440 3388 527 3458 vetat,
541 3368 607 3444 ⁴berc
620 3381 675 3444 sibi
688 3397 807 3446 satuens
820 3380 992 3463 principium
1004 3401 1013 3458 3
1029 3381 1110 3444 illam
1122 3381 1213 3444 alien

230 3505 293 3550 esse
306 3487 354 3549 ..ad
374 3484 592 3554 exmniuandam
612 3484 838 3548 Christianorum
860 3486 962 3563 tidem,
985 3491 1135 3565 totumque
1158 3485 1213 3548 huc

229 3599 374 3668 certamen
384 3590 420 3651 ad
430 3588 549 3666 gloriam
561 3588 611 3652 liei
621 3586 760 3673 spectare.
779 3607 794 3650 t
810 3569 930 3665 Quande
944 3587 1021 3650 enim
1033 3588 1107 3651 ilem
1121 3588 1213 3665 magis

233 3711 248 3765 t
271 3691 408 3768 creditur,
422 3689 476 3752 nisi
489 3709 554 3752 cum
568 3691 658 3769 magis
672 3689 809 3757 timetur?
823 3691 878 3753 nisi
891 3686 920 3751 in
933 3697 1063 3770 tempore
1076 3707 1213 3774 persecu·

234 3815 249 3857 a
272 3796 379 3871 tiamsi
395 3793 621 3856 lirncEcclesia
641 3795 669 3854 in
693 3794 878 3878 attonito-est.
893 3792 972 3853 Tunc
986 3792 1098 3871 allides
1110 3791 1140 3853 in
1161 3812 1213 3853 ex*

234 3917 250 3959 a
271 3899 415 3980 petitione
428 3898 585 3985 sollicitior,
601 3905 630 3959 et
642 3896 845 3977 disciplinatior
856 3895 885 3957 in
895 3895 1023 3976 jejuniis,
1041 3902 1071 3958 et
1083 3896 1213 3958 stationi-

235 4019 250 4059 α
272 3999 339 4076 bus,
355 3999 584 4076 et-orationibus,
605 4005 634 4060 et
647 3997 820 4075 humilitate,
835 3997 864 4061 in
876 3998 1013 4060 alterutra
1025 3997 1168 4076 diligentia
1183 4005 1214 4060 et

236 4121 251 4162 ‹
267 4101 434 4180 dilectione,
445 4102 474 4164 in
487 4100 637 4166 sanctitate
648 4108 676 4166 et
687 4100 853 4165 sobrietate.
865 4100 930 4165 Nou
944 4100 1020 4164 enirn
1033 4108 1148 4164 vacatur
1158 4099 1212 4163 nisi
