3200 5067
542 520 727 573 ovuseunuu
745 501 1004 570 uninosdvnrcuu.
1253 521 1267 569 r
1291 594 1298 607 ι

287 654 345 699 non
361 634 447 697 tantu
466 644 534 697 sunt
546 642 578 696 ut
587 626 639 696 'aut
652 634 695 695 his
709 632 863 696 admodrim
873 632 1035 712 offendaris,
1046 633 1158 695 autalia
1168 640 1198 695 et
1212 651 1268 715 op-

288 742 356 803 tima
371 748 397 803 et
408 742 492 820 longe
504 741 586 822 plura
600 740 723 821 conspici
736 739 916 822 prohibeant,
933 740 995 801 tdm
1010 741 1033 801 si
1049 740 1175 803 hominis
1187 740 1269 821 inge·

288 844 381 922 nium,
402 844 536 927 patriam,
558 851 670 907 aetatem
693 844 835 922 advertas,
857 842 1028 906 inevitabilia
1045 843 1132 906 luisse
1146 862 1269 923 coguos-

287 955 399 1011 centur.
1254 964 1259 971 ’

328 1054 434 1131 Durus,
458 1062 487 1117 et
507 1072 584 1131 acer,
604 1061 633 1115 et
651 1070 774 1134 pugnax.
794 1060 823 1113 ot
846 1052 881 1114 ad
902 1051 990 1113 nimia
1009 1070 1128 1134 pronus,
1150 1057 1268 1116 nervosa

286 1158 409 1241 quddam
429 1157 565 1220 brevitate
585 1175 672 1239 super
692 1157 786 1218 omnia
806 1156 939 1218 delectari
959 1156 1068 1231 debuit,
1083 1174 1145 1219 suae
1158 1165 1270 1219 naturae

285 1265 412 1346 apprime
427 1266 628 1340 consentanea,
645 1263 749 1344 quippe
768 1262 825 1338 cui,
843 1262 886 1324 vel
902 1281 990 1323 unum
1006 1255 1186 1340 vocabulum,
1201 1280 1269 1324 sen-

283 1388 347 1431 sum
362 1369 486 1450 aliquem
500 1387 552 1451 per
567 1386 597 1430 se
610 1387 668 1430 non
682 1366 846 1446 conficiens,
866 1366 967 1446 sagitta
987 1366 1017 1427 in
1031 1385 1150 1429 vacuum
1166 1367 1270 1429 emissa

283 1472 437 1535 videretur.
460 1472 548 1552 Ergo,
571 1471 742 1535 contrariam
766 1477 852 1551 atque
871 1468 966 1531 Cesar
989 1469 1134 1548 Augustus
1154 1479 1269 1533 secutus

283 1576 355 1640 viam
366 1577 440 1658 (qui,
451 1583 523 1639 teste
532 1576 678 1651 Suetonio,
691 1595 706 1637 a
718 1592 811 1655 neque
821 1574 1035 1654 praepositiones
1044 1575 1138 1638 verbis
1150 1575 1267 1655 addere,

285 1700 300 1741 v
322 1698 415 1761 neque
429 1680 645 1759 conjunctiones
659 1676 762 1759 saepius
777 1676 881 1738 iterare
895 1677 1045 1755 dubitavit,
1057 1697 1122 1760 quae
1133 1680 1269 1741 detracta

285 1802 301 1843 v
324 1782 445 1843 afferunt
466 1781 572 1861 aliquid
592 1779 783 1858 obscuritatis,
809 1780 863 1841 etsi
881 1780 1001 1858 gratiam
1019 1790 1141 1860 augent3
1165 1782 1268 1862 praeci-

286 1903 301 1945 (
323 1902 411 1965 puam
433 1884 537 1966 nempe
553 1902 651 1946 curam
674 1882 796 1969 ducqbat
817 1899 918 1943 sensus
935 1882 1023 1943 animi
1038 1885 1125 1964 quam
1147 1885 1269 1965 apertis·

285 2005 300 2047 e
322 1986 394 2048 sime
404 1986 729 2068 exprimeres),lucrum
741 1983 841 2046 habuit
851 1985 881 2046 in
890 1986 976 2067 quam
984 1985 1133 2047 minimum
1143 1986 1268 2067 spatium

282 2090 442 2153 coarctasse
462 2090 626 2153 sententias.
648 2088 745 2170 Neque
767 2089 843 2151 hanc
860 2089 1060 2152 obscuritatem
1075 2090 1267 2170 reprehendas

280 2211 366 2272 quam
386 2193 530 2275 plenitudo
549 2194 679 2274 quaedam
698 2211 833 2255 semuum
855 2191 982 2257 inducit:
1006 2194 1105 2256 verdm
1125 2194 1174 2257 ubi
1195 2212 1265 2257 con·

279 2298 400 2361 suetudo
411 2299 554 2364 brevitatis
568 2298 732 2362 afferendae
740 2298 868 2377 invaluit,
883 2299 945 2380 ipsa
955 2318 1021 2361 mor
1034 2299 1155 2362 brevitas
1167 2319 1221 2382 per
1232 2319 1264 2364 se

278 2404 446 2485 exquiritur,
462 2411 550 2486 utque
561 2406 616 2468 alta
630 2404 766 2487 primum,
777 2404 828 2482 ita,
838 2404 928 2483 brevi,
939 2405 1056 2468 humilia
1067 2406 1267 2490 simpliciaque

277 2508 365 2571 sacris
379 2508 458 2589 quasi
475 2508 582 2571 umbris
597 2509 787 2571 involvuntur.
803 2509 903 2589 lgitur,
920 2510 968 2592 qui
982 2510 1080 2591 modo,
1096 2512 1177 2593 quasi
1189 2532 1265 2578 auro<

277 2614 401 2691 invento,
419 2613 532 2677 divitem
548 2614 698 2695 quemdam
719 2616 843 2677 auctoris
857 2633 972 2677 sensum
986 2616 1072 2694 longo
1083 2615 1182 2680 labore
1194 2618 1261 2681 elu-

277 2716 401 2783 cidatum
422 2720 575 2798 gaudebas,
597 2720 671 2783 idem
695 2721 817 2782 multum
839 2739 934 2801 opcrae
956 2720 1134 2801 multumque
1147 2721 1260 2783 sudoris

277 2822 396 2901 periisse
410 2822 485 2885 haud
510 2841 592 2903 aequo
615 2824 710 2885 animo
732 2823 817 2899 seres,
841 2823 890 2883 ubi
912 2824 1086 2887 densissimis
1105 2825 1258 2888 verborum

279 2924 391 2986 arcanis
413 2925 482 2987 nihil
505 2926 581 3007 quod
597 2928 725 2989 animum
741 2933 790 2988 aut
804 2926 926 2989 oblectet
945 2936 994 2989 aut
1010 2929 1121 2992 erudiat
1141 2930 1260 2994 subesse

278 3027 522 3091 animadverteris.

316 3132 454 3215 Pompam
478 3152 592 3218 quoque
614 3141 643 3196 et
664 3132 838 3210 violentiam,
859 3141 889 3196 et
908 3134 1099 3198 omnimodam
1122 3138 1261 3203 orationis

276 3238 452 3302 nimietatem
473 3240 540 3321 jure
555 3238 747 3321 reprehendas
763 3241 947 3321 (quamquam
962 3240 1018 3302 hoc
1030 3240 1144 3321 quidem
1157 3242 1255 3306 vitium

275 3343 451 3407 effecminatae
475 3344 628 3425 enervique
659 3345 848 3426 quorumdam
871 3345 1017 3424 elegantia
1038 3347 1252 3429 praetulerim:

274 3448 325 3511 sed
337 3448 431 3530 ipsum
447 3448 528 3531 prius
542 3449 645 3513 Africae
656 3450 758 3529 solem,
771 3455 935 3533 terramque
944 3469 1009 3514 cum
1019 3449 1257 3535 incolispraeeali-
1290 3503 1293 3507 .

273 3552 339 3615 dam
355 3560 384 3615 et
397 3553 476 3635 quasi
496 3554 656 3617 ambustam
668 3555 748 3637 privis
763 3554 951 3636 reprehende.
967 3553 1105 3636 lienique,
1117 3556 1141 3617 si
1154 3556 1253 3619 inculti

274 3658 383 3739 ferique
395 3656 448 3719 soli
463 3655 600 3745 vepribus
608 3659 728 3740 pallidos
749 3659 897 3721 rhetorum
917 3660 1002 3721 llores
1018 3660 1159 3723 immistus
1179 3682 1252 3744 que·

271 3762 355 3840 reris,
378 3768 479 3843 reputa
503 3768 596 3825 tecum
618 3762 691 3825 hanc
713 3779 777 3825 esse
798 3761 959 3824 litterarum
980 3761 1183 3841 conditionem,
1206 3771 1249 3843 ut,

272 3866 357 3929 simul
380 3866 415 3929 ab
438 3869 483 3943 ea,
498 3884 562 3947 quae
580 3866 715 3949 perfectio
729 3874 782 3945 est,
799 3867 907 3929 urbana
923 3864 1101 3948 ingenuique
1114 3867 1253 3949 simphci-

273 3979 331 4035 tate
351 3974 451 4057 aliquis
469 3975 660 4053 declinaverit,
676 3974 706 4037 in
724 3973 866 4036 contraria
884 3973 969 4035 simul
982 3974 1060 4050 vitia,
1075 3972 1247 4052 barbariem,

273 4077 429 4161 nimiasque
449 4080 601 4161 elegantias
621 4095 749 4161 persaepe
764 4077 902 4157 incurrat,
918 4096 995 4140 nunc
1007 4078 1098 4139 durus
1110 4085 1138 4139 et
1154 4094 1249 4157 asper,

272 4189 300 4244 et
313 4186 504 4262 grammaticae
513 4186 579 4268 jura
588 4184 768 4262 conculcans,
782 4200 858 4245 nune
866 4181 1017 4245 verborum
1028 4180 1254 4245 fastidiosissime
