3200 5067
539 480 722 532 OPUSCULUM
739 481 998 533 philosophicum.
1224 483 1255 532 dl

280 612 295 653 r
316 593 475 670 hortantes,
500 594 638 662 alterutro
659 595 850 657 sustinentes:
878 596 908 657 in
934 594 1061 657 Ecclesia
1083 594 1133 657 llei
1154 594 1261 675 pariter

279 714 294 757 a
318 694 443 777 utrique,
457 696 564 777 pariter
577 697 607 761 in
621 698 747 761 conuiuio
757 698 819 775 llei,
832 698 939 780 pariter
949 698 979 760 in
993 697 1139 775 augustiis,
1152 698 1182 760 in
1196 715 1261 779 per-

279 817 295 857 «
317 799 520 878 securioribus,
537 801 565 863 in
579 802 744 881 refrigeriis.
760 802 868 863 Neuter
881 801 1003 865 alterum
1017 801 1101 873 celat,
1111 806 1211 862 neutm
1221 801 1261 863 al·

279 920 294 961 n
318 908 411 963 terum
426 903 503 982 vitat,
520 910 621 967 neuter
637 905 826 985 alterigravis
840 913 896 970 est.
917 904 1018 967 hibere
1030 922 1107 983 aeger
1122 902 1260 981 visitatur,

263 1024 293 1066 n
316 1005 444 1085 indigens
460 1014 653 1072 sustentatur:
671 1010 856 1090 eleemosyna
870 1009 932 1070 sine
948 1014 1103 1084 tormento,
1123 1006 1261 1069 sacrificia

278 1130 293 1169 r
314 1110 376 1173 siue
389 1112 534 1193 scrupulo,
552 1113 714 1194 quotidiana
733 1113 876 1192 diligentia
891 1114 953 1177 sine
968 1113 1188 1194 impedimento;
1203 1130 1261 1175 non

278 1235 293 1275 a
315 1216 416 1279 furtiva
431 1217 564 1297 signatio,
583 1236 642 1281 non
661 1217 769 1299 trepida
784 1219 947 1297 gratulatio,
964 1236 1021 1280 non
1035 1225 1115 1281 muta
1126 1216 1262 1279 benedic-

278 1338 293 1379 «
314 1320 353 1381 tio
367 1340 374 1381 :
389 1328 491 1383 sonant
504 1322 579 1384 inter
590 1322 663 1385 duos
676 1322 778 1404 psalmi
791 1330 821 1385 et
833 1322 942 1405 hymni,
954 1328 983 1383 et
994 1322 1096 1383 mntuh
1109 1329 1263 1401 provocent

277 1444 291 1485 r
315 1424 378 1506 quis
401 1426 503 1490 metius
522 1426 582 1489 Deo
604 1434 709 1489 contet.
732 1426 810 1489 Talia
827 1425 956 1489 Christus
977 1424 1074 1487 videns
1096 1431 1126 1486 et
1145 1422 1262 1487 audiens

276 1549 292 1589 r
314 1529 436 1608 gaudet:
450 1531 495 1593 his
508 1549 607 1612 paoem
624 1546 706 1593 suam
721 1530 824 1605 minin
842 1528 889 1591 ubi
903 1529 973 1605 duo,
988 1527 1028 1589 ibi
1041 1535 1071 1589 et
1084 1527 1146 1609 ipse
1159 1529 1219 1608 (l).
1245 1547 1261 1589 s

312 1633 349 1695 ll.
363 1634 414 1696 llis
427 1642 513 1715 atque
525 1634 641 1712 talibus,
658 1633 802 1712 egregiam
817 1631 951 1695 Ecclesiae
964 1631 1118 1712 Septimius
1132 1631 1263 1713 presunt

275 1754 403 1816 operam,
418 1744 450 1797 ut
462 1756 500 1799 ne
509 1737 577 1817 quid
585 1736 698 1817 pristini
711 1735 827 1813 vigoris,
843 1734 918 1797 inter
931 1734 1083 1800 illecebras
1094 1734 1194 1797 muudi
1205 1734 1262 1797 rita

275 1840 500 1903 Christianorum
515 1840 659 1922 perderet,
674 1858 746 1903 neve
760 1840 896 1921 paulatim
913 1839 1063 1921 utriusque
1074 1838 1194 1901 ciuitatis
1206 1837 1263 1900 dil-

276 1942 395 2006 serentia
414 1944 574 2007 tolleretur.
595 1943 677 2017 Quod
697 1943 721 2004 si
736 1943 802 2024 quis
814 1943 935 2007 miretur
945 1952 975 2007 et
987 1943 1134 2023 Nostrum,
1149 1949 1179 2007 et
1193 1942 1263 2007 alios

276 2047 404 2129 ejusdem
422 2048 523 2126 aetatis,
543 2067 636 2129 usque
659 2048 695 2111 ad
716 2048 946 2111 Constantieeam
966 2066 1077 2130 pacem,
1098 2048 1263 2130 scriptores,

274 2152 405 2215 fidelihus
415 2152 450 2215 ab
460 2153 618 2216 idololatria
633 2152 819 2215 dehortandis
833 2154 904 2216 adeh
912 2153 1092 2230 immoratos,
1104 2160 1135 2216 ut
1145 2153 1263 2237 reliquae

274 2274 387 2321 morum
402 2256 558 2339 disciplinae
577 2274 643 2337 pars
662 2257 817 2339 perexigua
834 2258 1059 2343 relinqueretur,
1079 2265 1107 2320 et
1118 2257 1189 2319 nihil
1203 2257 1262 2320 lere

273 2363 348 2444 apud
362 2363 426 2425 illos
438 2362 559 2425 inueniri
574 2362 650 2443 quod
665 2362 701 2424 ad
716 2362 858 2425 curandos
880 2362 968 2425 animi
982 2361 1098 2425 morbos
1112 2360 1261 2426 insinuan-

274 2466 395 2549 damque
404 2466 533 2531 omnium
543 2465 652 2547 pectori
666 2465 799 2529 virtutem
813 2465 965 2547 pertineat,
974 2465 1114 2547 nihilque
1123 2464 1196 2528 iram
1207 2463 1261 2527 irn-

251 2595 254 2601 ·
274 2579 427 2653 potumque
436 2572 525 2640 animi
534 2572 646 2648 sedare,
656 2570 885 2652 temperantiam,
892 2566 1188 2653 justitiam‚pietatem
1199 2570 1260 2632 sire

274 2678 340 2755 erge
348 2682 491 2757 parentes,
499 2673 1048 2755 sineerghpatriam,liheralitatemergd
1056 2691 1262 2752 egenosexer-

275 2798 338 2841 cere
353 2780 516 2857 doceamur,
532 2778 626 2860 primb
641 2778 711 2839 satis
723 2776 830 2859 injuste
845 2778 923 2841 dolet
936 2797 987 2848 eos
1001 2776 1088 2839 subse
1104 2783 1173 2839 tunc
1186 2782 1262 2838 tern-

275 2882 354 2963 poris
372 2878 663 2961 Christianos'qnihus
681 2880 751 2960 nihil
763 2881 869 2943 talibus
882 2900 955 2963 opus
968 2888 1043 2943 esset
1056 2878 1261 2942 exhortationi-

275 2986 346 3062 hus3
366 2984 432 3048 dein
446 3003 504 3046 non
524 2984 628 3063 cogitat
640 3002 686 3069 res
705 2984 781 3067 ipsas
795 2986 832 3047 ad
845 2984 1039 3048 informandos
1059 3000 1154 3045 mores
1169 2981 1261 3043 multb

275 3078 339 3169 plus
353 3106 437 3169 posse
451 3088 540 3168 qubnr
552 3106 667 3152 omnem
690 3089 861 3167 orationem,
877 3107 931 3151 nec
944 3086 1087 3166 Evangelii
1100 3084 1259 3165 discipulis,

276 3192 349 3255 inter
368 3192 616 3275 persecutionum,
638 3200 688 3255 aut
708 3193 883 3256 sevientium
904 3201 1006 3271 astus,
1030 3199 1080 3255 aut
1100 3190 1260 3255 recentium

276 3298 455 3377 memoriam,
468 3305 518 3359 aut
533 3296 744 3359 imminentium
760 3298 886 3378 pericula
901 3297 1081 3378 degentibus,
1097 3298 1210 3377 longos,
1225 3303 1259 3358 ut

274 3404 352 3465 recte
364 3403 500 3480 uiuerent,
524 3421 601 3483 opus
611 3402 697 3465 luisse
711 3421 870 3466 sermones.
891 3402 984 3465 Pauca
997 3403 1084 3482 igitur
1101 3409 1169 3465 tunc
1182 3407 1258 3464 tem·

275 3507 353 3587 poris
365 3507 432 3569 satis
446 3506 536 3584 luere,
553 3525 590 3569 ne
604 3506 702 3586 virtus,
719 3508 748 3569 in
764 3509 921 3591 maioribus
935 3509 1068 3586 exercita,
1084 3504 1260 3571 deficeretin

275 3611 410 3689 minimis,
425 3630 506 3689 neve,
522 3610 597 3675 inter
613 3614 814 3695 amphitheatri
834 3614 985 3689 clamores,
1001 3610 1075 3672 fides
1093 3607 1258 3671 obdormis-

275 3728 361 3783 ceret.
374 3720 433 3785 Sed
448 3716 610 3803 postquam,
633 3721 715 3802 parta
734 3716 862 3792 victoria,
881 3730 1012 3799 securam
1027 3728 1128 3792 pacem
1143 3723 1257 3801 morum

275 3822 433 3888 immutatio
450 3831 547 3888 secuta
564 3832 619 3901 est,
635 3822 776 3905 coepitque
790 3819 860 3882 solvi
874 3816 1002 3899 pristinae
1021 3814 1093 3877 illud
1106 3812 1260 3894 disciplinae

275 3927 398 4008 frenum,
414 3932 470 4011 qua
480 3929 652 4019 ¹christianus
671 3925 811 3991 exercitus
832 3923 863 3985 in
880 3921 941 3986 acie
955 3928 984 3985 et
997 3920 1096 4005 praelio
1120 3919 1260 4017 riguerat,

311 4132 344 4199 (l)
358 4132 397 4184 hd
409 4132 528 4196 Uxorem,
540 4132 573 4195 ll,
587 4133 598 4195 5
612 4133 638 4182 8.
