3200 5067
480 471 662 524 uebsuutuu
679 471 937 526 enttosoemctttt.
1152 477 1199 530 tou

218 587 423 668 confugiemus.
434 585 491 650 Sed
505 586 590 648 tatem
605 586 799 668 genealogiam
811 587 954 650 baereticae
962 585 1095 651 Ecclesia
1104 606 1200 673 oeque

218 695 335 772 babent,
349 711 444 774 neque
463 693 572 772 tingere
588 691 711 755 audent:
729 711 745 752 c
767 691 831 754 Non
851 709 883 753 se
896 691 1064 772 apostolicas
1076 692 1201 772 probare

166 793 168 798 ’
219 820 234 859 ‹
256 804 387 882 possunt,
398 794 476 878 qubd
492 814 551 858 nun
564 804 647 873 sunt3
664 814 718 858 nec
730 796 908 876 recipiuntur
918 794 949 856 iu
962 812 1061 876 pacem
1076 803 1105 858 et
1119 815 1201 859 ccm-

220 922 234 963 c
257 901 479 965 medicationem
501 900 536 963 ab
550 899 685 964 Ecclesiis
707 901 910 982 quoquomodb
925 901 1090 982 apostolicis
1104 902 1165 982 (1).
1181 923 1197 964 a

218 1006 245 1069 Si
260 1026 324 1088 quae
343 1007 467 1070 haereses
491 1003 544 1067 sub
570 1003 706 1085 apostolis
730 1005 846 1068 fuerumt
868 1007 936 1087 (nac
954 1005 1042 1069 tuisse
1066 1007 1201 1070 dubitan-

217 1111 313 1192 dum),
327 1111 383 1174 boc
398 1110 480 1173 titulo
492 1109 654 1192 apostoticae
673 1117 758 1172 erunt
771 1109 849 1191 qubd
861 1108 898 1171 ab
914 1108 1049 1191 apostatis
1068 1128 1127 1172 nan
1139 1118 1201 1174 tra-

218 1214 294 1292 ditae,
310 1213 362 1276 sed
376 1219 481 1276 notatae
502 1219 531 1274 et
550 1212 691 1275 damnatae
713 1212 841 1276 fuerunt.
855 1211 978 1275 Gaemras
994 1213 1027 1274 de
1042 1215 1201 1292 posteritate

218 1317 406 1400 praejudicare
417 1317 498 1380 licet:
516 1317 622 1399 quippe
636 1318 703 1379 cdm
717 1319 857 1400 cujusque
870 1324 969 1380 auctor
984 1325 1131 1397 noscatur,
1148 1337 1201 1401 pa-

219 1428 331 1503 teatque
347 1421 452 1504 quibus
470 1420 623 1500 decausis,
645 1440 702 1502 quo
720 1428 862 1504 tempore,
875 1440 933 1501 qua
946 1420 1009 1483 loco
1025 1420 1061 1483 ab
1074 1408 1200 1484 Ecclesia

215 1528 275 1606 jdm
288 1526 450 1608 Scripturas
462 1532 590 1604 tenente,
599 1527 660 1606 jdrn
676 1523 762 1588 tidem
775 1525 909 1601 ducente,
925 1523 1100 1586 deiecerit«
1116 1523 1201 1586 Prin·

221 1651 236 1692 c
258 1630 430 1712 cipalitatem
439 1629 576 1707 ueritatis,
590 1637 621 1692 et
635 1630 831 1711 posteritatem
843 1629 1041 1692 mendacitatis
1053 1628 1136 1692 daret
1146 1648 1202 1711 pa-

222 1755 237 1794 (
257 1734 356 1799 rabula
371 1753 436 1816 qum
452 1735 560 1797 bonum
583 1749 682 1796 semen
703 1733 839 1796 frumenti
852 1733 869 1793 d
884 1732 1006 1795 Domina
1028 1732 1200 1796 seminatum

221 1859 236 1900 u
259 1839 288 1900 in
302 1839 427 1920 primore
439 1837 598 1916 constbuit,
613 1855 766 1900 avenarum
781 1844 889 1914 autem,
905 1837 1012 1900 sterilis
1025 1837 1101 1913 teni,
1117 1837 1201 1899 adul-

213 1963 237 2002 «α
258 1944 362 2006 terium
375 1943 411 2004 ab
424 1943 539 2006 adonico
554 1942 665 2007 debota
680 1940 1007 2024 pastedsuperducit....
1024 1941 1070 2019 (t)
1080 1940 1200 2002 Tamdid

191 2087 197 2096 ·
224 2068 238 2108 c
260 2046 496 2128 utiqueregnauit
509 2065 602 2125 erran,
618 2045 753 2128 quamdiu
765 2044 890 2106 haereses
905 2061 963 2105 non
977 2051 1069 2105 erant.
1081 2043 1200 2124 Atiquos

225 2172 239 2212 u
259 2150 440 2214 Marcionitas
461 2150 710 2213 etValentinianos
730 2146 877 2210 liberanda
889 2147 992 2209 ueritas
1012 2147 1196 2228 expectabat:

224 2275 238 2315 c
261 2255 368 2318 interea
391 2255 540 2336 perperam
563 2253 823 2333 evangelizabatur,
845 2255 996 2336 perperam
1018 2252 1198 2332 credebatur,

224 2379 239 2419 u
261 2366 302 2422 tot
316 2359 403 2421 millia
418 2358 538 2421 millium
560 2360 713 2440 perperam
729 2358 830 2436 tincta,
848 2365 890 2420 tot
907 2375 995 2439 upana
1015 2356 1081 2419 fidei
1095 2375 1200 2439 perpe·

226 2483 240 2524 c
261 2466 322 2526 rdm
337 2462 548 2540 administrata,
562 2469 604 2524 tat
624 2462 759 2544 martyria
774 2462 926 2543 perperam
944 2467 1097 2523 coronata:
1112 2465 1163 2523 aut
1175 2462 1199 2523 si

226 2588 240 2628 n
261 2585 319 2630 non
330 2568 494 2650 perperam,
512 2584 605 2647 neque
619 2566 649 2628 in
662 2586 794 2645 uacuum,
811 2567 895 2648 quate
909 2573 954 2628 est
971 2567 1078 2629 utente
1090 2584 1137 2629 res
1149 2566 1200 2629 bei

226 2690 240 2729 u
258 2676 408 2751 currerent
418 2715 427 2746 ,
442 2670 529 2750 quam
549 2670 630 2749 cujus
650 2670 701 2734 Dei
718 2679 821 2734 natum
842 2670 938 2733 esset?
952 2672 1017 2732 ante
1035 2669 1198 2748 Christiani,

227 2797 241 2837 n
264 2779 348 2858 quem
371 2775 499 2838 Christus
521 2774 673 2837 inuentus?
696 2775 762 2837 ante
783 2773 918 2850 haeresis,
940 2773 1027 2852 qudm
1045 2790 1111 2834 vera
1131 2771 1199 2834 doc-

226 2901 241 2940 u
262 2881 354 2943 trina?
369 2880 424 2944 Sed
446 2879 521 2942 enim
544 2879 575 2941 in
592 2877 725 2943 omnibus
744 2878 848 2941 veritas
871 2869 1024 2954 imaginem
1039 2874 1197 2937 antecedit:

227 3003 241 3042 c
264 2991 329 3065 post
350 3001 412 3046 rem
435 2981 589 3046 similitudo
611 2981 786 3045 succedit...
812 2980 857 3060 (3)
882 2978 999 3040 Constat
1019 2975 1107 3054 igitur
1126 2977 1199 3040 ratic

227 3106 241 3146 u
264 3087 400 3168 propositi
413 3085 514 3164 nostri,
530 3105 587 3148 non
603 3105 666 3148 esse
681 3083 871 3148 admittendos
883 3081 1034 3144 baereticns
1050 3081 1086 3143 ad
1098 3081 1201 3143 ineun-

227 3208 242 3248 e
264 3190 328 3251 dam
341 3189 376 3253 de
389 3188 542 3270 Scripturis
556 3189 797 3270 provocationem,
812 3206 884 3267 quos
898 3187 959 3248 sina
970 3185 1201 3266 Scripturispro-
1259 3254 1265 3266 ,

228 3314 242 3354 a
263 3294 365 3357 bannus
377 3294 414 3356 ad
431 3293 590 3375 Scripturas
604 3312 662 3355 non
681 3292 835 3374 pertinere.
850 3291 879 3354 Si
892 3291 968 3353 enim
981 3289 1107 3353 haeretici
1121 3296 1199 3368 sunt,

228 3418 242 3458 a
265 3397 414 3462 Christiani
428 3417 490 3461 esse
503 3416 559 3460 nun
569 3403 804 3480 possunt3...nee
815 3395 906 3457 utinm
917 3396 966 3476 jus
980 3395 1096 3477 capiunt
1108 3392 1202 3456 ahma

228 3523 243 3562 u
265 3503 405 3565 tianarum
428 3504 603 3580 litterarum3
625 3503 661 3565 ad
682 3520 754 3586 quos
776 3502 878 3564 meritd
897 3501 1048 3564 dicendum
1067 3509 1126 3563 est:
1147 3498 1200 3572 Qui

228 3626 243 3665 u
265 3607 354 3669 estis‘t
369 3608 482 3688 qnando
503 3615 552 3669 aut
575 3607 649 3669 unde
670 3605 805 3668 venistis?
820 3605 887 3685 quid
901 3605 929 3664 in
950 3621 1014 3664 meo
1035 3603 1128 3679 agitis,
1142 3620 1200 3664 nun

229 3728 243 3768 a
265 3710 342 3772 mei?
356 3729 412 3790 quo
426 3694 559 3790 denique,
576 3710 713 3789 Marcion,
722 3709 791 3788 jure
803 3708 908 3787 spinam
920 3724 1014 3768 meam
1028 3705 1131 3768 caedis?
1145 3708 1201 3789 qut

259 3935 292 4000 (t)
307 3937 343 3988 be
357 3937 511 4002 praescript,
524 3939 537 4002 t
551 3938 594 3990 bt.

259 4025 293 4092 (t)
308 4029 360 4088 ib,
376 4027 389 4090 t
404 4029 445 4080 51.

258 4119 294 4184 (a)
308 4121 360 4181 lb„
375 4119 386 4180 5
399 4118 444 4172 tt.
