3200 5067
494 435 679 493 uuusuuhhtt
697 442 955 496 PfllLOSOPfllCUhl.
1178 455 1212 504 cu

212 559 252 609 ‘r
273 549 313 611 sis
333 549 370 612 ad
392 551 447 612 hoc
468 554 596 632 prolatis,
622 562 653 615 nt
676 552 751 618 Deus
772 566 999 634 cognosceretur.
1018 561 1077 624 Nec
1095 565 1212 628 enimsi

234 672 251 712 c
275 653 419 734 aliquantu
433 657 572 735 posterior
585 657 799 723 Mosesvidctur
812 660 961 743 intemplo
977 663 1135 729 litterarum
1147 687 1212 731 sua·
1288 661 1295 674 '

235 775 251 816 a
274 774 338 819 rum
353 756 443 819 Deum
460 760 561 821 mundi
575 761 730 838 dedicasse,
745 762 850 824 idcirco
866 764 884 824 h
898 762 1091 830 Pentateucho
1104 769 1214 832 natales

235 878 251 922 c
274 859 424 936 agnitionis
439 863 681 942 supputabuntur,
697 865 762 926 calm
777 872 855 927 totus
875 865 961 928 hlosis
981 870 1070 950 stylus
1084 871 1213 934 notitiam

236 980 252 1022 u
274 961 414 1026 Creatoris
428 981 484 1025 non
499 965 638 1044 instituat,
653 969 703 1033 sed
725 971 741 1031 A
755 970 912 1054 primordio
933 981 1048 1036 enarret
1060 992 1215 1039 recensen-

236 1084 252 1127 c
275 1067 340 1130 dam
356 1067 415 1148 (l).
435 1067 539 1131 »Nihil
553 1070 582 1131 in
598 1072 668 1134 orbe
681 1073 766 1138 tidem
781 1075 855 1154 ejus
865 1081 923 1137 noh
937 1077 1019 1138 lacit:
1038 1078 1109 1140 (Er
1125 1080 1214 1163 ipsius

236 1190 252 1230 c
275 1170 409 1252 operihus
420 1178 463 1233 tot
471 1189 509 1243 ,ao
523 1173 636 1252 talibus,
650 1176 754 1256 quihus
766 1177 956 1256 continemur,
970 1180 1078 1260 quihus·
1087 1181 1216 1246 oblecta-

238 1293 253 1334 a
275 1291 351 1351 mur,
364 1273 448 1336 etiam
470 1276 572 1356 quihus
595 1285 748 1356 terremur,
770 1298 806 1340 ex
829 1281 933 1344 animae
949 1282 1039 1363 ipsius
1053 1285 1214 1350 testimonio

237 1401 253 1441 a
275 1381 486 1462 comprobatur,
502 1397 567 1461 quaa
580 1383 597 1442 d
611 1383 683 1446 coelo
696 1388 725 1444 et
746 1382 805 1444 Deo
821 1382 1008 1463 descendens,
1027 1403 1059 1448 se
1071 1388 1143 1450 adeh
1155 1407 1214 1451 non

237 1503 253 1544 a
275 1487 398 1564 ignorat,
416 1491 447 1546 ut
469 1492 616 1547 auctorem
637 1492 666 1546 et
688 1486 828 1547 arhitrum
853 1493 883 1546 et
903 1493 1009 1549 statum
1028 1506 1113 1551 suum
1126 1492 1214 1570 norit,

238 1610 253 1651 u
275 1599 315 1667 et,
330 1590 401 1662 nihil
412 1589 505 1651 adhuc
519 1589 554 1650 de
572 1588 773 1665 haudimons,
788 1588 880 1651 Deum
894 1591 1061 1656 nominet...
1077 1592 1138 1673 (t).
1153 1593 1215 1656 lla·

236 1715 252 1756 u
275 1694 324 1757 het
341 1696 408 1772 ergh
423 1693 498 1755 Deus
512 1693 673 1755 testimonia
691 1699 782 1758 tatum
796 1693 852 1756 hoe
865 1695 941 1775 quod
955 1714 1056 1760 sumus
1071 1705 1099 1760 et
1114 1699 1144 1759 in
1157 1717 1214 1779 quo
1248 1718 1252 1724 ·

237 1817 253 1858 c
276 1815 390 1874 sumus3
406 1795 510 1858 ethaeo
525 1803 568 1858 est
584 1813 696 1858 summa
712 1796 824 1874 delicti,
840 1797 999 1859 nolentium
1012 1816 1216 1878 recognoscere

235 1921 251 1962 u
276 1920 362 1982 quem
378 1900 511 1978 ignorare
523 1917 580 1962 non
590 1907 708 1980 possunt
719 1901 778 1981 (3).
792 1899 957 1979 »Agnoscis
971 1902 1127 1981 legih'mam
1137 1904 1216 1966 illam

235 2003 464 2086 quABossuetius
475 2003 702 2084 Feneloniusque
715 2011 774 2066 tam
788 2005 934 2084 splendidd
948 2007 992 2068 usi
1006 2013 1074 2069 sunt
1088 2007 1216 2091 philoso-

233 2109 340 2191 phandi
354 2109 504 2178 rationem,
523 2125 588 2188 quae
601 2108 618 2169 d
631 2108 768 2170 creaturis
789 2109 828 2169 ita
848 2110 987 2190 proticisci
1004 2110 1098 2190 jubet,
1110 2119 1147 2172 ut
1160 2111 1216 2174 illis

233 2235 293 2278 non
304 2213 478 2290 immoreris,
489 2213 539 2276 sed
549 2213 619 2294 ipsae
629 2219 658 2273 te
673 2213 801 2274 adsuunt
812 2218 969 2291 auctorem,
977 2219 1007 2274 et
1015 2213 1052 2274 ad
1063 2213 1149 2276 totius
1159 2219 1215 2295 qul

131 2361 134 2364 -
235 2319 363 2381 relucent
372 2315 592 2398 pulchritudinis
605 2315 712 2377 sontem
722 2314 875 2377 deducant.
890 2315 1029 2393 Agnoscis
1043 2334 1140 2378 ueram
1155 2317 1214 2380 dia-

234 2424 375 2499 lecticam,
392 2440 455 2502 qua
470 2419 581 2488 Platoni
594 2417 733 2480 tribuerat
747 2416 885 2499 quidquid
898 2418 1029 2497 perennis
1042 2420 1119 2499 apud
1132 2418 1214 2482 illum

233 2526 413 2606 philosophice
427 2525 541 2604 legitur.
561 2523 618 2587 Sed
629 2522 701 2602 quid
714 2519 861 2582 Platonem
874 2521 997 2604 loquor?
1007 2518 1144 2601 Septimio
1155 2541 1214 2585 non

234 2630 371 2710 placeret,
389 2629 465 2711 quhd
478 2627 679 2692 Academicum
700 2625 948 2688 Christianismum
972 2625 1130 2688 induxisset
1150 2626 1214 2705 lau-

235 2732 312 2793 dari:
328 2732 408 2794 Pauli
422 2734 532 2794 tantum
547 2731 677 2794 et-Mosis
691 2729 1057 2805 meminerat,-docentium
1073 2736 1090 2791 ε’
1106 2728 1157 2792 het
1169 2731 1214 2792 in·

237 2836 391 2899 «visibilia
414 2855 466 2918 per
488 2855 521 2898 ea
542 2854 608 2917 quae
630 2841 723 2896 creata
746 2839 814 2896 sunt
835 2831 955 2893 risibilia
974 2833 1119 2914 conspici,
1146 2853 1161 2895 u
1186 2843 1214 2897 et

207 3001 210 3008 Δ
231 2956 253 2998 u
276 2941 420 3002 hominem
434 2941 470 3002 ad
482 2938 533 3002 Dei
548 2937 762 3001 similitudinem
777 2953 842 2997 esse
855 2935 1014 3013 conditum,
1029 2954 1045 2998 u
1061 2937 1137 2999 unde
1148 2955 1214 3018 spes

236 3043 311 3106 haud
325 3043 446 3106 absurda
461 3042 598 3118 exoritur,
614 3041 689 3103 hanc
709 3039 862 3117 imaginem
876 3039 985 3102 intente
1005 3040 1162 3134 intuendo,
1178 3042 1214 3105 ad

208 3159 214 3162 ·
235 3147 328 3227 ipsum
343 3147 489 3228 exemplar
503 3164 586 3227 posse
600 3142 752 3226 perveniri.

256 3230 417 3328 Attamen,
433 3249 535 3330 siquis
552 3254 669 3330 propter
689 3263 861 3328 prosperum
882 3246 970 3327 hujus
989 3247 1106 3330 incoepti
1126 3266 1214 3312 even-

235 3359 309 3431 tum,
327 3354 413 3416 nimia
428 3353 530 3415 fiducia
554 3353 699 3429 efferatur,
720 3349 851 3414 ‘monebit'
872 3370 938 3414 eum
953 3351 1111 3442 Septimius
1132 3372 1214 3417 nese

235 3457 333 3520 intima
354 3457 462 3521 diuinae
479 3457 635 3538 rnajestatis
658 3464 767 3542 secreta
790 3458 910 3522 scrutari
929 3476 1013 3539 posse
1033 3459 1210 3521 arbitretur:

235 3542 310 3641 quod
322 3560 427 3642 duplici
443 3562 478 3623 de
491 3563 575 3623 caum
589 3561 649 3624 fieri
665 3561 748 3624 nullo·
757 3561 843 3624 modo
857 3567 968 3642 potest3
984 3562 1109 3641 primum
1123 3558 1221 3640 quhd,

234 3664 310 3729 hisce
324 3667 413 3732 clausi
426 3665 563 3744 tenebris,
579 3665 669 3730 Deum
682 3684 740 3729 non
754 3667 783 3734 in
798 3685 841 3740 se,
857 3665 911 3726 sed
924 3666 955 3724 ia
969 3665 1114 3742 caumate
1126 3670 1153 3723 ct
1162 3683 1214 3742 per

269 3867 304 3932 (l)
319 3869 394 3932 Adn,
409 3870 487 3935 hlarc,
501 3871 521 3932 l,
537 3871 549 3934 l
564 3873 607 3924 ltt.

266 3956 301 4023 (h)
316 3959 401 4023 Apol,
416 3959 428 4020 t
444 3960 486 4010 tr.

268 4050 303 4114 (ὅ)
317 4053 357 4102 Ια.
373 4053 414 4102 th.
