3200 5067
538 513 720 566 opusculum
735 514 994 566 PlllLOSOl’lllCUll.
1207 518 1253 568 lat

215 615 220 624 ’
286 628 361 707 luge
375 635 521 708 peccatum
538 626 687 689 existimat.
705 645 721 687 c
735 625 806 690 Nam
820 627 872 689 etsi
886 627 1013 707 negando
1027 628 1174 708 ceciderit,
1188 649 1253 693 cum

287 757 303 798 r
325 735 473 799 tormentis
484 743 579 798 umen
592 734 749 817 praeliatum
765 734 968 817 pulchriorque
975 734 1058 798 miles
1065 737 1162 817 praelio
1170 739 1255 802 amb·
1331 797 1337 809 ,

287 862 303 903 r
326 861 385 920 sus,
402 843 488 922 quim
501 841 531 902 in
546 840 611 920 luga
626 841 719 904 salvus
735 841 794 920 (l).
811 861 827 903 a

326 948 422 1010 Liceat
434 965 510 1012 nunc
523 964 572 1008 ros
585 945 738 1028 appellare,
753 952 869 1027 cryptae,
885 963 956 1026 quae
967 946 1179 1025 religiosissime
1191 967 1256 1012 ser-

284 1059 373 1128 ratas,
394 1069 451 1113 non
471 1050 532 1112 sine
546 1049 676 1132 lacrymis
691 1049 775 1112 hodie
794 1048 950 1130 irrisimus,
971 1059 1058 1132 atque
1076 1058 1108 1114 ut
1125 1051 1256 1118 bruera

285 1157 455 1220 incunabula
468 1174 653 1234 veneramur,
667 1175 737 1237 ques
750 1162 859 1229 tamen,
871 1157 896 1218 si
909 1156 958 1219 illa
971 1175 1004 1220 se
1016 1157 1161 1222 deferenti
1169 1159 1256 1224 libido

285 1262 315 1323 in
330 1261 415 1324 officii
430 1271 510 1345 parte
523 1268 689 1344 poneretur,
703 1279 822 1325 necesse
840 1270 902 1324 erat
920 1263 1095 1329 utscelcstas
1117 1269 1256 1330 exsecrari

285 1366 426 1444 latebras3
441 1385 600 1449 -vosque
620 1365 790 1430 sanctissimi
812 1368 925 1445 heroes,
946 1386 1019 1450 quos
1036 1376 1065 1430 et
1078 1371 1213 1451 majores,
1227 1380 1257 1434 et

285 1472 454 1555 exemplaria
474 1472 580 1535 habere
594 1472 762 1552 gloriamur,
777 1490 906 1553 quosque
916 1477 1029 1534 constat
1039 1471 1085 1534 bis
1097 1472 1127 1534 in
1144 1474 1257 1538 sedibus

284 1593 364 1638 sacra
377 1577 546 1654 exercuisse,
562 1584 590 1640 et
608 1576 684 1654 iude,
708 1577 786 1640 omni
799 1575 921 1656 rporali
935 1581 1080 1638 armarere
1091 1577 1255 1659 instructos,

284 1682 508 1761 pulcherrimum
531 1699 583 1761 pro
606 1680 664 1744 Deo
685 1687 714 1744 et
733 1676 849 1743 veritate
866 1679 970 1744 obiisse
983 1687 1148 1746 certamen:
1163 1682 1257 1748 Vosne

283 1785 422 1862 dicemus,
444 1785 511 1848 cdm
530 1784 630 1866 procul
644 1787 661 1848 d
674 1787 812 1868 tyrannis,
827 1789 937 1848 semota
950 1786 1103 1868 pmditoris
1120 1791 1257 1871 cujusque

284 1888 466 1967 conscicntia,
486 1881 622 1952 iaceretis
643 1891 774 1968 orationi,
795 1897 933 1973 comaque
946 1891 1044 1955 leudes
1056 1891 1106 1954 liei
1122 1911 1259 1958 resonare

283 1993 433 2072 doceretis,
448 1993 527 2056 robis
541 1994 660 2074 alicujus
668 1994 778 2058 violata
787 1993 934 2074 religionis
943 1994 1030 2058 luisse
1039 1996 1186 2060 conscios‘i
1195 2007 1256 2075 aut,

283 2101 340 2162 tim
354 2099 488 2162 immotos
502 2099 636 2162 adversus
649 2099 852 2181 proconsulum
864 2099 956 2162 minas
968 2099 1092 2182 plebisve
1105 2101 1254 2181 clamores,

285 2206 342 2266 tam
361 2205 469 2270 alacres
491 2205 527 2268 ad
546 2203 698 2286 supplicia,
722 2204 829 2266 imbelli
850 2206 974 2285 quodam
993 2213 1105 2269 terrore
1127 2206 1257 2270 inductos

284 2327 345 2372 esse
362 2317 392 2371 ut
406 2317 520 2372 noctem
533 2316 562 2372 et
578 2309 689 2388 ignotos
702 2327 831 2372 recessus
844 2310 1029 2391 quaereretis‘l
1049 2310 1148 2374 Nonne
1160 2309 1256 2376 Cirris·

284 2422 345 2477 tum
358 2433 418 2497 prae
430 2415 509 2479 vobis
523 2415 598 2478 ferre
611 2414 787 2492 ardentibus,
808 2421 838 2478 et
850 2434 902 2496 per
915 2421 1056 2480 tormenta
1069 2417 1257 2480 immarcesci-

282 2519 362 2582 bilem
382 2521 528 2602 percipere
542 2519 639 2598 glorie
652 2537 788 2586 amorum,
815 2519 895 2582 irena
911 2519 1039 2584 addenda
1059 2520 1185 2599 luerunt,
1199 2525 1255 2604 qub

283 2631 312 2686 et
324 2625 465 2704 Evangelii
479 2626 527 2688 lar
540 2643 571 2687 sc
587 2623 673 2686 tutids
687 2623 827 2706 latidsque
836 2624 1016 2701 diffunderet,
1035 2631 1065 2688 et
1074 2625 1127 2706 ipsi
1142 2627 1179 2688 od
1191 2645 1256 2690 cer·

284 2736 378 2790 tamen
389 2729 530 2792 firmiores
542 2727 714 2809 prodiretis?
724 2728 797 2802 Quid
808 2748 877 2807 ergo
885 2727 1027 2808 indignius
1036 2731 1123 2810 qudm
1132 2731 1255 2812 aliquem

283 2833 319 2896 de
332 2843 424 2896 vestro
438 2835 579 2916 quondam
600 2852 721 2895 numero
734 2833 821 2894 luisse
839 2840 997 2912 repertum,
1015 2831 1063 2912 qui
1086 2833 1180 2894 virtuti
1202 2834 1255 2897 sibi

283 2938 434 3020 exploratae
451 2946 546 3000 nolam
562 2957 723 3020 aspergere,
739 2938 975 3020 prudentiamque
986 2939 1068 3018 cujus
1082 2941 1256 3002 nonnescie-

283 3043 331 3105 bat
344 3061 443 3105 causas
455 3044 606 3106 inhonesto
620 3043 734 3105 nomine
744 3043 882 3104 infamare
891 3024 1032 3104 auderet?

323 3148 428 3229 Siquis
441 3149 515 3212 sorte
534 3147 702 3229 Septimium
717 3153 836 3229 propter
858 3147 940 3226 levia,
964 3156 994 3209 ut
1007 3148 1147 3227 ridentur,
1168 3149 1254 3212 dissi·

248 3316 249 3320 ,
282 3255 542 3332 dia‚rehementids
555 3271 637 3334 aequo
651 3251 935 3335 reprehendidnobis
943 3259 1090 3333 queratur,
1102 3259 1189 3315 totam
1199 3272 1252 3316 nos

237 3379 239 3385 ’
282 3359 415 3422 Ecclesiae
436 3358 624 3438 disciplinam,
641 3365 786 3440 totamque
804 3357 1008 3420 Christianismi
1030 3359 1109 3440 quasi
1129 3359 1253 3422 indolem

284 3464 360 3526 hisce
367 3461 575 3544 quaestiunculis
586 3462 722 3525 contineri
732 3463 978 3545 respondebimus.
988 3463 1076 3543 Finge
1083 3465 1255 3546 euimlquod

281 3569 359 3631 nullo
374 3568 458 3630 modo
473 3566 536 3628 fieri
545 3573 648 3648 potest)
663 3585 725 3630 eam
740 3587 825 3650 quam
838 3569 991 3651 Septimius
1004 3570 1144 3649 laudabat,
1154 3572 1254 3650 agendi

282 3674 420 3737 rationem
444 3671 568 3734 Ecclesia
588 3679 776 3754 sequeretur:
800 3691 853 3754 pro
880 3673 972 3735 divina
992 3674 1039 3735 itte
1062 3675 1254 3736 misericordia

283 3799 366 3862 quam
382 3787 473 3842 totum
490 3777 581 3859 spirat
593 3777 787 3856 Evangelium,
803 3780 848 3840 cui
868 3780 931 3841 coeli
949 3786 992 3841 tot
1011 3786 1122 3840 sanctos
1136 3779 1251 3857 debent,

282 3882 420 3944 immitem
441 3881 592 3963 qnamdam
614 3887 776 3962 peccatores
799 3882 975 3944 severitatem
992 3882 1196 3964 experirentur,
1225 3891 1254 3945 et

283 3987 392 4049 sublata
408 4007 459 4070 spe
470 3985 634 4069 poenitendi,
647 3983 785 4046 adomnia
794 4002 860 4046 mox
869 3984 996 4048 audenda
1007 3986 1253 4067 compellerentur,

317 4193 351 4259 (l)
364 4193 401 4244 lie
416 4193 478 4258 Fug.
493 4194 518 4243 in
532 4203 642 4256 perseo,
657 4191 669 4253 l
684 4190 725 4241 lli.

1109 4307 1138 4356 ru
