3200 5067
393 457 426 510 82
672 457 717 509 ult·
729 459 758 522 Q.
778 461 805 509 S.
824 459 852 510 F.
870 453 1094 512 rbarutttnuo

388 574 470 652 juret
478 571 702 653 praestantissimi
713 572 818 650 ingenii
828 571 920 633 vnum
933 591 1033 635 seeum
1042 575 1178 639 inducere
1186 585 1372 656 pugnantem,

391 677 442 738 sed
457 677 514 756 qud
530 674 642 756 plenius
651 674 692 736 vis
706 674 832 737 ueritatis
846 676 969 754 eluceat,
979 679 1142 741 suosetiam
1152 680 1331 745 aduersarios
1343 684 1373 744 in

392 797 474 841 suam
499 779 624 856 eugentis
645 777 851 840 defensionem.
876 779 1035 859 Miraberis,
1058 782 1106 862 qui
1128 783 1216 845 modi
1230 785 1373 862 taisel-idm

389 882 460 943 illud
473 881 649 942 distantivum
663 880 778 956 animae,
792 881 872 960 quasi
887 882 1002 944 cuidam
1016 885 1183 968 geometria
1196 886 1313 964 figurae,
1327 906 1373 948 m-

391 985 508 1062 duebat,
523 1003 600 1046 nuno
613 981 764 1064 simplicem
778 1003 918 1061 asserere,
935 993 964 1047 et
976 985 1156 1065 uapularem,
1173 993 1202 1048 et
1218 989 1250 1048 de
1265 1009 1313 1049 sum
1328 999 1372 1050 to-

391 1097 459 1165 tum,
480 1105 534 1149 nee
554 1088 642 1166 mapa
663 1087 979 1150 instructilemuliuudi
996 1092 1078 1169 quim
1099 1091 1261 1152 divisibilem
1281 1113 1316 1154 eu
1329 1114 1369 1171 ce,

390 1193 455 1272 quio
468 1190 662 1252 indissolubilis
677 1190 746 1271 (t);
771 1190 830 1252 imo
843 1196 954 1254 summa
978 1196 1049 1256 eura
1069 1200 1226 1271 carentem,
1244 1214 1282 1258 ne
1300 1197 1370 1285 sim-

388 1296 499 1378 plicitas
516 1295 678 1358 animorum
700 1302 802 1375 negata
819 1296 849 1356 in
868 1297 1024 1378 perniciem
1042 1305 1147 1360 nostrae
1162 1298 1198 1359 de
1211 1299 1368 1373 immorta-

388 1400 466 1462 litate
480 1399 546 1462 tidei
560 1400 710 1465 redundet.
726 1399 825 1477 Multa,
840 1418 877 1461 ne
897 1401 962 1480 quis
984 1401 1015 1463 in
1034 1400 1079 1462 his
1097 1401 1183 1462 rebus
1196 1420 1279 1464 error
1294 1402 1370 1466 irre-

389 1509 448 1585 pat,
472 1505 489 1564 a
512 1503 646 1584 Septimio
674 1503 859 1564 atteruntur:
888 1523 904 1562 r
932 1503 1058 1564 animam
1086 1509 1115 1564 et
1141 1521 1256 1566 carnem
1283 1505 1369 1569 simul

389 1629 404 1669 a
428 1627 568 1685 creseere,
583 1608 635 1670 sed
648 1607 737 1669 divisa
750 1608 861 1668 ratione
880 1626 933 1688 pro
953 1626 1092 1686 generum
1109 1589 1288 1688 conditione,
1304 1631 1369 1674 oar-

390 1717 492 1773 enem
517 1711 644 1786 modulo,
666 1708 790 1773 animam
815 1707 954 1786 ingenio:
979 1711 1116 1772 caeterum
1139 1713 1263 1798 animam
1288 1714 1368 1776 nullo

389 1837 405 1878 u
427 1816 512 1878 modo
526 1815 684 1878 substantie
704 1831 844 1889 crescere,
864 1831 901 1874 ue
923 1813 1009 1875 edam
1028 1815 1194 1878 decrescere
1211 1817 1367 1880 substantia

391 1939 407 1980 u
429 1919 574 1996 eradatur,
590 1926 676 1998 atque
690 1917 729 1978 ita
751 1923 781 1977 et
803 1915 947 1978 detectura
961 1917 1090 1984 dicatur:
1106 1921 1158 1982 sed
1173 1920 1230 1981 vim
1248 1923 1322 2002 ejus,
1337 1923 1366 1983 iu

389 2043 405 2084 u
428 2026 483 2104 qua
497 2022 637 2084 naturalia
655 2020 766 2102 peculia
789 2020 896 2083 consita
916 2021 1088 2099 retinentur,
1103 2022 1365 2096 salvosubstantiae

293 2143 294 2146 ’
389 2146 404 2187 u
427 2127 554 2202 modulo,
570 2145 626 2205 quo
640 2127 655 2186 a
670 2123 828 2204 primordio
845 2124 940 2190 iutlata
964 2132 1017 2201 est,
1041 2127 1177 2208 paulatim
1199 2146 1265 2189 eum
1279 2147 1366 2191 earne

389 2251 404 2293 u
426 2230 561 2311 produci,
577 2230 614 2291 ita
627 2236 655 2290 et
671 2229 773 2292 animae
788 2235 933 2291 crementa
950 2248 1009 2291 non
1022 2230 1197 2314 substantiva
1207 2231 1371 2316 reputanda

387 2351 403 2392 u
427 2350 500 2408 esse,
520 2331 571 2393 sed
589 2331 772 2412 provocativa
789 2332 849 2410 (2).
867 2351 883 2392 u
909 2331 1016 2394 Eadem
1038 2331 1181 2393 ele-eausa
1197 2351 1213 2391 r
1231 2332 1364 2397 auteren-

387 2456 403 2498 u
425 2437 491 2497 dam
506 2455 597 2498 esse»
613 2431 738 2498 censete
753 2437 992 2514 argumentatoris
1005 2435 1195 2512 occasionem,
1213 2435 1272 2516 qui,
1288 2436 1365 2516 qubd

388 2561 404 2601 e
426 2541 520 2602 anima
534 2539 661 2602 videatur
672 2540 833 2603 desiderare
841 2541 988 2618 alimenta,
1001 2541 1069 2602 hinc
1082 2558 1196 2621 quoque
1210 2539 1362 2607 mortalem

388 2662 403 2705 u
427 2643 716 2724 eamintelligieupit,
726 2663 789 2724 quae
804 2645 875 2707 cibis
891 2646 1077 2721 sustineatur,
1093 2645 1225 2726 denique,
1240 2644 1363 2722 deroga-

388 2767 404 2809 u
427 2749 463 2810 tis
477 2748 529 2827 eie,
544 2747 695 2828 evigescat,
705 2752 862 2829 postremo,
873 2749 1036 2826 subtractis,
1051 2749 1201 2811 intercidat
1209 2747 1268 2828 (3).
1287 2768 1302 2809 a
1317 2748 1362 2815 Ad

385 2855 445 2916 haee
456 2851 623 2934 Septimius:
644 2853 736 2914 «Non
759 2852 853 2914 sotum
873 2853 1091 2934 proponendum
1111 2860 1155 2913 est
1176 2853 1306 2934 quisnam
1327 2869 1361 2912 ea

386 2979 401 3020 u
423 2959 574 3036 desideret,
590 2959 640 3020 sed
655 2957 700 3019 cui
710 2977 718 3034 3
728 2965 775 3034 et,
790 2956 946 3037 si-propter
959 2975 1006 3034 se,
1020 2955 1071 3020 sed
1084 2963 1113 3017 et
1126 2974 1189 3032 eur,
1205 2962 1233 3018 et
1247 2954 1360 3036 quandb

384 3081 399 3123 u
422 3065 588 3143 etquenam
606 3079 708 3142 usque,
724 3067 796 3136 tum,
815 3059 892 3140 quod
905 3059 982 3120 aliud
999 3061 1102 3121 nature
1115 3059 1267 3137 desiderat,
1282 3058 1360 3120 aliud

384 3183 400 3224 r<
422 3163 600 3239 necessitate,
623 3163 700 3224 aliud
723 3161 879 3225 secundino
902 3162 1117 3243 proprietatem,
1138 3161 1216 3224 aliud
1238 3162 1268 3222 in
1290 3179 1361 3235 eauq

385 3287 400 3326 u
421 3285 493 3328 sam.
514 3265 689 3328 Desiderabit
702 3265 789 3344 igitur
809 3265 887 3331 cibos
901 3265 1011 3342 anima,
1026 3265 1081 3327 sibi
1097 3265 1211 3346 quidem
1225 3283 1258 3326 ex
1272 3267 1359 3326 causa

384 3389 399 3427 u
421 3369 606 3444 necessitatis
621 3368 700 3430 carni
721 3369 788 3432 uero
807 3372 951 3440 excausa
973 3369 1166 3450 proprietatis.
1180 3367 1262 3430 Certe
1282 3368 1358 3429 enim

384 3489 400 3530 «
422 3471 524 3532 domus
535 3471 637 3532 animae
652 3489 717 3532 earo
733 3479 787 3548 est,
798 3477 828 3532 et
842 3471 998 3552 inquilinus
1011 3471 1104 3533 earnis
1118 3471 1224 3554 anima.
1239 3471 1359 3532 Deside-

383 3595 398 3635 u
420 3574 493 3637 rabit
506 3575 601 3655 itaque
614 3574 778 3657 inquilinus,
795 3578 926 3638 excausa
940 3583 968 3637 et
982 3575 1149 3638 necessitate
1163 3577 1249 3656 hujus
1262 3575 1358 3650 nomi-

382 3700 397 3739 u
420 3679 474 3758 nis,
486 3679 638 3760 protutura
660 3681 770 3758 domui,
790 3687 848 3742 toto
868 3679 1052 3762 inquilinatus
1076 3680 1121 3742 sui
1142 3688 1357 3760 temporaneo

410 3933 445 3999 (t)
460 3932 496 3985 De
510 3934 568 3997 An,
583 3937 594 3997 ξ
611 3937 652 3986 tu.

408 4027 442 4091 tt)
456 4027 509 4084 m,
522 4027 533 4088 5
547 4026 589 4076 57.

411 4117 444 4181 (s)
460 4118 510 4176 ro,
524 4115 535 4177 a
550 4117 592 4165 ss.
