3200 5067
387 450 392 458 '
507 451 690 504 0PUSCULUM
707 453 967 506 rutensoerttctttt.
1191 462 1224 512 et

241 581 406 646 perversum
419 581 583 646 oaecumque
596 583 765 647 superesse:
784 587 799 628 r
815 567 898 642 Quod
911 569 989 630 enim
1002 568 1089 632 alteo
1099 579 1153 648 est,
1164 591 1224 636 non

243 690 258 731 c
281 672 338 734 tam
353 669 527 747 extinguitur
541 672 627 751 quam
639 671 840 734 obumbratur.
850 671 948 734 Potest
959 673 1037 735 enim
1046 674 1223 755 obumbrari,

243 794 258 835 a
279 774 420 854 quianon
444 779 488 834 est
502 773 597 836 Beus:
620 774 746 853 extingui
765 793 823 836 non
837 782 941 856 potest,
962 775 1031 857 qnia
1049 779 1066 839 d
1086 777 1145 840 ileo
1166 788 1222 842 est.

242 897 257 936 a
278 877 390 959 ltaque,
412 875 487 938 sicut
505 876 615 952 lumen,
637 878 732 957 aliquo
753 879 900 942 obstaculo
918 879 1099 960 impeditum,
1114 891 1223 961 manet,

243 1000 257 1038 a
279 980 317 1042 ital
340 986 370 1042 et
388 978 496 1040 bonum
519 977 548 1038 in
571 977 666 1043 anima
688 982 795 1044 amalo
815 999 997 1063 oppressum,
1015 1003 1068 1065 pro
1089 986 1225 1066 qualitate

242 1104 256 1167 a
278 1084 353 1166 ejus,
369 1089 419 1144 aut
432 1081 462 1144 in
477 1089 568 1144 totum
583 1090 677 1162 vacat,
693 1085 833 1148 occultata
853 1086 929 1163 lnce,
944 1094 995 1148 ant
1008 1089 1063 1168 qud
1078 1088 1163 1151 dator
1174 1108 1224 1152 ra·

242 1207 256 1246 a
279 1188 349 1264 diat,
363 1187 476 1251 inventa
489 1185 688 1267 libertatcll).
706 1207 722 1249 a

279 1299 310 1354 2⁰
324 1294 421 1360 Altera
436 1292 529 1355 oritur
543 1292 578 1356 de
591 1292 681 1354 ootmt
694 1295 796 1354 natura
811 1293 942 1373 questio,
957 1313 1044 1375 quem
1058 1296 1224 1360 Aristoteles

240 1397 273 1459 ab
293 1400 388 1481 aalma
409 1402 533 1478 separat,
553 1403 584 1457 ut
606 1394 811 1478 impassibilem
833 1395 997 1476 dpassibili
1015 1397 1223 1464 immobilemt

239 1501 348 1577 mobili,
363 1500 467 1582 duplici
481 1517 581 1562 errore
597 1500 750 1562 loborans:
767 1499 873 1580 primu,
889 1500 966 1580 qued
988 1500 1144 1564 humanum
1158 1503 1223 1565 ani-

239 1624 317 1668 mum
332 1606 425 1669 divim
439 1612 548 1686 aequat3
571 1604 648 1681 dein,
672 1604 749 1684 qoud
762 1605 839 1667 hane
851 1605 987 1686 optimam
1005 1608 1097 1670 notul
1112 1614 1223 1688 partem

238 1711 274 1773 ad
296 1711 386 1774 otium
404 1718 433 1772 et
447 1709 599 1791 quemdam
622 1717 769 1790 stuporem
785 1709 912 1772 damnat.
927 1708 1087 1789 Pugnantia
1104 1711 1179 1774 inter
1191 1731 1223 1776 se

238 1814 404 1894 philosopho
426 1812 550 1893 objicere
571 1810 713 1889 ridemur,
727 1811 806 1892 quod
817 1813 943 1874 humano
963 1813 1058 1875 animo
1071 1814 1159 1876 simul
1176 1816 1223 1877 di-

236 1918 380 1981 vinitatem
395 1916 537 1990 tribuerit,
553 1916 651 1978 etvini
665 1915 767 1994 agendi
780 1914 932 1977 ademerit.
948 1915 1065 1992 Verdm,
1081 1922 1113 1978 ut
1125 1915 1222 1980 brevi-

237 2031 280 2086 ter
292 2040 434 2086 summam
447 2021 511 2099 ejus
523 2019 662 2082 doctrine
678 2018 855 2096 recolligam,
868 2024 1038 2080 revocentur
1050 2018 1080 2080 in
1094 2026 1220 2082 mentem

237 2133 402 2205 argumenta
425 2144 477 2206 per
503 2143 567 2207 quae
589 2125 754 2186 Aristoteles
778 2123 901 2188 existere
923 2122 1047 2204 aliquem
1069 2124 1219 2187 immotum

237 2230 335 2292 mundi
355 2236 496 2292 meterem
518 2227 687 2305 confirmat,
710 2229 758 2310 qni
779 2235 876 2290 tamen
897 2228 974 2290 hunc
992 2230 1091 2292 mundi
1114 2229 1222 2292 nesciat

235 2336 433 2413 ordinem‚neo
441 2333 523 2398 aliter
533 2332 721 2396 universalem
731 2338 843 2394 motum
851 2337 999 2412 operetur,
1006 2334 1092 2413 qoam
1102 2351 1221 2412 magnes

240 2440 359 2519 semum,
383 2438 533 2522 appetibile
557 2436 714 2520 appetitum
737 2436 864 2499 attrahit.
887 2435 977 2497 Porrd
998 2437 1099 2500 eadem
1121 2437 1165 2500 oia
1182 2439 1219 2500 ad

234 2557 289 2606 soto
307 2546 465 2607 humanum
487 2542 564 2608 idem
587 2539 754 2602 Aristoteles
773 2537 913 2618 pervenit,
933 2538 971 2600 lta
987 2544 1019 2600 ut
1037 2539 1175 2622 quidquid
1188 2540 1217 2602 io

234 2647 423 2730 metaphysica
439 2646 475 2709 de
492 2645 583 2708 altero
597 2642 769 2726 predicavit,
783 2643 858 2704 idem
879 2643 908 2704 in
921 2652 980 2724 περὶ
993 2656 1083 2722 Ψυχῆς
1095 2643 1168 2706 libro
1182 2646 1219 2707 de

235 2752 323 2814 altem
336 2752 431 2814 dicere
444 2750 581 2814 videatur.
599 2748 680 2810 Hunc
694 2746 780 2826 igitur
803 2746 943 2821 animum,
959 2747 1022 2824 qui,
1036 2746 1218 2827 impassibilis

233 2863 261 2918 et
285 2856 388 2918 animae
410 2851 649 2924 incommiscibilis
671 2852 700 2913 in
720 2851 836 2914 homine
849 2851 966 2929 degens,
982 2851 1023 2912 nil
1038 2852 1121 2914 nobis
1133 2853 1216 2916 allert

125 3023 128 3030 ,
233 2961 268 3022 ad
289 2961 436 3023 vivendum
459 2959 589 3036 subsidii,
612 2958 715 3020 merito
732 2956 824 3037 carpit
843 2953 1017 3035 Septimius:
1038 2952 1140 3014 ‹Cdm
1152 2955 1216 3016 eni-

235 3084 251 3125 c
272 3083 348 3128 mom
370 3063 532 3146 passibilem
552 3069 665 3126 constet
687 3079 787 3126 eorum
809 3078 874 3142 que
896 3058 995 3120 sortita
1016 3065 1061 3120 est
1073 3057 1150 3139 pati;
1166 3067 1215 3121 ont

235 3188 249 3228 a
272 3187 325 3250 per
337 3169 464 3231 animum
482 3176 590 3231 etcum
604 3166 699 3230 animo
713 3165 853 3246 patietur:
870 3162 894 3225 si
905 3169 1040 3224 concreta
1050 3168 1093 3224 ast
1105 3151 1228 3239 animcf

234 3293 250 3335 c
271 3292 328 3338 non
348 3280 442 3354 potest
462 3273 574 3336 animus
591 3269 772 3351 impassibilis
795 3267 912 3331 induci:
932 3300 974 3313 -
987 3274 1038 3329 aut
1050 3266 1075 3328 si
1088 3283 1147 3328 non
1162 3279 1225 3347 per·

234 3397 249 3438 c
271 3379 411 3456 unionum,
425 3395 479 3440 uec
492 3395 558 3439 cunr
573 3376 668 3438 animo
685 3374 809 3455 patietur
823 3371 929 3450 anima,
944 3389 1002 3433 non
1017 3369 1072 3438 erit
1081 3378 1213 3434 concreta

234 3501 249 3541 a
270 3480 312 3546 illi
325 3499 391 3544 cnm
405 3499 462 3560 quo
476 3479 547 3543 nihil
568 3485 596 3542 et
610 3477 659 3559 qni
672 3477 742 3540 nihil
760 3475 878 3558 potitur,
891 3493 946 3538 nee
955 3475 1018 3556 jam
1031 3474 1143 3551 sentiet,
1159 3492 1213 3536 nec

234 3605 256 3646 a
270 3586 371 3667 sapiet,
393 3603 446 3648 nec
467 3583 626 3646 morabitur
644 3600 695 3664 per
712 3581 833 3643 illum...
847 3578 982 3641 Videmus
994 3584 1090 3640 antem
1104 3576 1144 3638 nil
1157 3577 1212 3638 ho-

233 3710 247 3750 c
270 3709 335 3754 rum
347 3689 472 3754 animam
486 3685 620 3769 experiri,
638 3693 736 3749 utnon
750 3691 779 3748 et
792 3683 887 3746 animo
901 3681 1065 3761 deputetur,
1081 3679 1147 3759 quia
1160 3697 1213 3759 per

233 3813 248 3853 a
269 3794 349 3858 illum
361 3801 390 3856 et
404 3811 469 3855 curn
484 3792 532 3854 illo
546 3789 728 3868 transigatur.
739 3785 891 3860 Caeterdm,
905 3783 930 3846 si
941 3779 1072 3844 discretio
1085 3781 1210 3844 admitti·

233 3915 248 3955 c
270 3903 327 3975 tur,
343 3903 375 3958 ut
391 3896 555 3959 substantiae
568 3895 632 3958 duee
644 3912 690 3958 res
702 3893 770 3972 sint,
786 3890 898 3954 animus
918 3895 1003 3969 atque
1017 3887 1123 3964 anima,
1138 3887 1210 3948 alte-

264 4125 298 4188 (ι)
313 4125 349 4174 ne
364 4125 422 4186 m,
437 4124 449 4184 e
463 4123 506 4173 tr.
