3200 5067
521 463 706 517 OPUSCULUM
723 466 982 521 Pultosorfflctm.
1208 476 1240 525 tt

263 595 279 637 a
302 575 351 658 qui
365 576 441 657 perit
453 578 509 654 (l).
529 577 660 640 »Nescio
675 578 743 659 quid
757 580 793 641 ad
806 580 868 643 haec
888 598 1014 661 parents:
1038 600 1091 662 ego
1103 586 1172 647 uero
1184 592 1244 649 tam

261 680 344 757 dura,
368 680 534 743 consolandi
545 683 659 763 specie,
676 684 770 747 oblata
792 685 922 763 audiena,
937 686 1041 767 partlm
1060 687 1161 751 auhsum
1175 692 1244 771 quin

260 784 402 863 indigner.
417 784 623 867 Philosophum
645 789 721 851 enim
738 790 836 853 videor
854 790 953 854 audire
967 791 1028 853 hac
1040 790 1175 855 lenimina
1187 794 1245 855 mi-

259 906 325 950 sero
341 890 552 973 admoventem,
567 893 650 972 cujus
670 892 744 956 collo
759 894 821 973 jam
836 894 947 956 lethalis
966 893 1127 955 adnectitur
1146 894 1242 957 lunis:

262 1014 276 1056 a
298 995 407 1071 laetare,
427 987 530 1075 amice,
547 1003 632 1078 atque
654 997 730 1061 hono
753 1006 814 1062 esto
836 1000 951 1061 animo:
968 1015 1069 1059 omnes
1086 997 1182 1060 aditus
1195 1016 1245 1061 ar·

261 1119 277 1161 a
298 1098 381 1163 matis
393 1106 500 1179 septos,
516 1098 647 1179 supplicii
656 1099 820 1163 machinam
830 1099 939 1181 optime
946 1098 1108 1161 conlectam
1119 1096 1242 1173 intuere,

261 1222 276 1263 a
299 1210 331 1265 ut
348 1222 440 1283 neque
455 1203 552 1282 effugii
572 1204 617 1265 via
631 1204 783 1285 pandatur,
797 1223 891 1285 nequa
904 1210 1057 1286 rumpatur
1070 1202 1166 1264 lunis:
1183 1203 1242 1265 noli

261 1325 277 1365 a
299 1306 398 1369 timere
410 1308 512 1389 nequis
527 1315 705 1389 expectatum
726 1308 778 1371 tihi
799 1309 943 1390 praeripiat
964 1306 1146 1389 supplicium.
1163 1307 1243 1371 Prae-

260 1427 275 1468 a
298 1411 373 1472 tered
387 1409 543 1473 multorum
556 1411 655 1473 eadem
672 1429 735 1491 quea
747 1418 795 1473 tua
809 1411 933 1473 conditio
948 1418 1002 1473 est.
1019 1410 1161 1489 »Magnas
1172 1415 1242 1475 sane

256 1512 352 1578 infelix
363 1515 451 1596 hujus
465 1516 541 1578 modi
551 1516 761 1578 consolatoriae
770 1516 877 1592 dicam,
889 1534 925 1577 an
935 1513 1056 1594 irrisuri,
1071 1516 1176 1593 gratias
1187 1517 1241 1579 ha·

257 1615 335 1678 habit
346 1617 353 1677 l

295 1722 354 1785 Noc
373 1723 468 1785 minuis
490 1722 659 1789 mortalium¹
674 1718 831 1785 conditioni
844 1720 947 1797 illudit,
963 1721 1029 1782 edm
1045 1739 1061 1782 a
1077 1723 1241 1805 opinionem

258 1846 274 1887 a
296 1845 360 1893 esse
372 1847 435 1909 quae
448 1846 500 1891 nos
513 1828 620 1890 cruciat
634 1848 649 1889 >>
665 1828 780 1906 asserit,
794 1836 822 1889 et
837 1847 853 1890 a
868 1826 939 1889 tanti
953 1826 1165 1909 quodcumque
1179 1847 1241 1892 esse

258 1950 274 1991 a
296 1932 403 1993 malum
422 1932 519 2012 quanti
534 1932 604 1998 illud
624 1932 791 1995 taxavimus.
807 1932 839 1993 ln
856 1935 955 1995 nosue
973 1936 1126 2012 postestate
1146 1948 1241 1996 reme·

258 2051 274 2091 a
297 2030 375 2091 dium
393 2031 548 2111 hahemus;
564 2050 617 2094 nos
635 2032 747 2113 metipsi
771 2032 903 2095 fallamus
924 2032 985 2111 (2),
1001 2051 1018 2092 a
1033 2032 1137 2113 Adjicit
1153 2034 1240 2097 homo

255 2143 354 2199 acutus
374 2137 473 2219 plures
491 2137 536 2199 sui
553 2137 668 2199 fallendi
688 2143 782 2198 artes:
808 2156 824 2197 a
846 2136 876 2199 Si
896 2154 968 2217 quos
987 2138 1148 2218 amisimus,
1161 2140 1241 2219 jndi-

256 2262 391 2305 ‹oemus
420 2226 545 2307 abesse:
571 2262 627 2307 non
659 2243 735 2306 enim
766 2243 1014 2325 peregrinantibus
1035 2240 1092 2303 illis
1121 2241 1239 2305 doleba-

258 2367 273 2407 a
294 2350 438 2430 maest).
462 2368 478 2411 »
503 2348 616 2429 Optime
636 2350 705 2411 sane
727 2348 762 2410 de
784 2348 833 2409 illa
854 2367 941 2429 quam
962 2345 1125 2429 induximus
1146 2355 1239 2410 matre

254 2449 370 2513 meritus
389 2456 442 2513 est,
467 2450 567 2513 Melius
589 2456 766 2527 mereretur,
782 2449 808 2513 si
821 2456 953 2531 potentes
970 2450 1075 2514 herbas
1094 2452 1239 2531 magicam

251 2554 376 2617 carmina
392 2554 517 2633 doceret,
529 2573 644 2636 perquae
657 2555 783 2633 lovmtur
794 2554 842 2617 ille
852 2554 959 2617 amicus
971 2573 1062 2618 error.
1076 2555 1234 2638 Qamquam

252 2654 398 2719 Thessalas
411 2677 539 2739 quoque,
555 2675 609 2734 pru
623 2656 740 2733 viribus,
755 2655 883 2719 imitatur
896 2663 986 2735 artes,
1009 2659 1196 2741 animumque
1208 2680 1239 2723 se

254 2760 410 2841 decipiendi
427 2762 561 2842 cupidum
582 2759 694 2823 blandis
714 2760 829 2841 adjuvat
842 2760 1016 2824 mendaciis:
1040 2761 1143 2824 Natum
1164 2764 1238 2827 ami·

253 2865 326 2942 sisti,
342 2865 481 2945 persuade
494 2863 543 2926 tibi
561 2866 595 2927 ch
608 2865 768 2946 profectum
783 2865 832 2927 uhi
843 2868 947 2928 aeterna
963 2865 1094 2930 felicitate
1107 2868 1235 2931 fruatur:

257 2991 273 3032 u
294 2971 407 3050 Integer
422 2970 482 3046 ille,
501 2968 633 3050 nihilque
655 2969 683 3031 in
704 2968 787 3031 terris
807 2969 970 3050 relinquens
986 2971 1105 3049 auiugit,
1120 2979 1148 3032 et
1163 2979 1239 3034 totus

257 3095 272 3136 a
295 3074 431 3137 excessit:
452 3072 625 3155 paulquue
645 3074 731 3154 suprd
752 3091 805 3135 nos
819 3081 1023 3150 commoratus,
1044 3073 1113 3134 daim
1130 3091 1238 3154 expur-

256 3186 396 3258 agatur,
420 3186 450 3241 ct
469 3177 634 3245 inhaerentia
657 3177 722 3239 vitia
746 3176 890 3257 situmque
916 3175 1012 3238 omnis
1036 3175 1166 3237 mortalis
1186 3177 1238 3239 aeri
1280 3254 1283 3258 q

257 3303 272 3345 a
294 3283 409 3361 excutit,
422 3282 523 3347 deinde
537 3282 573 3343 ad
586 3282 698 3345 excelsa
712 3280 853 3358 sublatus,
869 3281 944 3342 inter
959 3280 1054 3342 felices
1068 3281 1159 3342 currit
1172 3282 1236 3343 ani-

257 3408 273 3449 «
295 3407 367 3466 mas,
389 3387 547 3468 excipitque
560 3371 640 3449 illum
663 3392 750 3448 caetus
771 3402 863 3460 sacer,
885 3382 1033 3464 Scipiones
1046 3382 1236 3466 Catonesque,

256 3511 271 3553 ‹
295 3493 392 3573 utique
406 3498 618 3572 contemptores
629 3489 703 3567 vitae,
719 3496 748 3551 et
762 3486 864 3550 mortis
876 3487 1015 3550 beneficio
1029 3488 1237 3551 liheri.Parens

257 3612 272 3653 a
293 3600 370 3672 tuus,
383 3595 496 3672 llarcia,
512 3594 570 3657 illic
582 3601 715 3676 nepotem
731 3612 828 3671 suum,
843 3610 1015 3674 quamquam
1033 3591 1091 3651 illic
1104 3592 1238 3653 omnibus

256 3718 272 3759 a
294 3719 378 3765 omne
392 3707 544 3779 cognatum
561 3707 615 3778 est,
629 3700 750 3782 applicat
768 3699 834 3775 sibi,
850 3700 921 3765 nord
935 3697 999 3757 luce
1012 3694 1194 3774 gaudentem,
1209 3703 1238 3759 et

288 3929 322 3993 (l)
336 3930 395 3983 Seu·
410 3929 508 3981 consol.
520 3929 553 3981 ad
566 3928 653 3992 liare„
666 3930 678 3992 t
693 3930 718 3979 6.

289 4017 322 4085 (2)
336 4019 397 4071 Seu.
411 4021 460 4082 id„
477 4020 489 4083 ᾗ
505 4019 546 4071 19.

291 4110 323 4175 aa)
335 4112 374 4161 ld.
390 4113 428 4162 to.
