3200 5067
476 518 660 572 oruswtuu
677 513 936 569 ruttosorutcult.
1166 514 1198 563 ¹3

222 652 237 693 r
260 640 317 697 tem
332 632 363 693 iu
382 632 461 695 ooelis
477 632 601 695 habere:
623 649 713 695 unum
740 631 824 711 gestit
843 629 998 707 interdum,
1016 646 1053 691 ne
1070 629 1197 708 mactata
1260 638 1265 646 '

219 755 238 797 ‹-
258 734 411 798 damnetur
426 737 515 817 (l).r
569 797 572 802 .

258 838 359 919 igitur,
382 840 510 920 quamuis
529 841 569 904 nil
589 840 773 924 Apologetico
794 839 906 917 notius,
929 838 969 902 nil
992 838 1022 901 iu
1045 836 1198 899 christiana

218 943 386 1025 antiquitate
398 945 548 1025 illustrius,
564 947 640 1011 haud
654 946 760 1015 ¹leviter
773 952 884 1008 motum
897 962 970 1027 opus
983 940 1198 1020 tramgredien·

217 1048 286 1111 dum
297 1048 423 1128 videtum
441 1052 506 1113 culm
520 1059 548 1115 ct
565 1052 675 1115 auctori
687 1070 738 1115 suo
753 1050 909 1133 plurimum
922 1048 1021 1128 gloriae
1033 1045 1197 1121 contulerit,

216 1160 246 1217 et
258 1154 335 1217 haud
349 1174 439 1237 pauca
459 1158 602 1222 contineat
614 1176 679 1240 quae
696 1175 880 1237 magnacum
898 1154 992 1217 fructu
1001 1154 1032 1216 in
1045 1152 1197 1236 prasenti-

214 1258 269 1322 bus
283 1260 318 1323 de
331 1261 466 1341 religione
479 1259 678 1323 controversiis
688 1259 820 1341 usurpari
834 1256 955 1340 possint.
971 1254 1105 1330 Quamuis
1118 1254 1196 1317 enim

214 1367 316 1446 mulla,
332 1366 503 1449 Septimiant
517 1374 602 1431 aetata
620 1366 788 1429 Christianis
810 1363 897 1445 objici
912 1361 1007 1438 solita,
1022 1367 1140 1442 propter
1153 1358 1197 1439 ip·

213 1490 275 1535 sam
289 1473 426 1555 temporis
437 1490 561 1549 momm,
583 1472 731 1554 ipsamque
751 1469 905 1533 criminum
921 1465 1123 1539 insulsitatem,
1133 1463 1195 1542 jam

212 1576 322 1641 dudum
331 1579 444 1660 explosa
458 1578 525 1656 sint,
540 1576 596 1641 alia
608 1585 705 1639 tumen
717 1574 885 1657 superfuere
897 1589 962 1652 qum
974 1568 1050 1650 apud
1063 1583 1130 1642 nos,
1145 1564 1197 1627 iis-

211 1680 278 1743 dem
293 1680 354 1743 lere
373 1681 476 1763 quibus
497 1682 573 1763 apud
587 1680 724 1743 llthnicos
743 1677 854 1757 verbis,
871 1674 974 1759 jactari
999 1671 1124 1756 quotidie
1141 1688 1197 1735 au·

213 1782 284 1845 dias.
300 1782 418 1856 Quoties
431 1783 553 1861 factiosi,
566 1790 684 1865 propter
705 1782 847 1846 Caesareas
866 1781 944 1861 leges
964 1776 1064 1856 diuinis
1077 1776 1197 1857 postha-

212 1886 422 1969 bitas-quoties
434 1887 516 1949 otiosi
527 1894 555 1950 el
571 1904 586 1951 t
602 1888 735 1950 humanis
748 1886 835 1950 rebus
847 1884 1029 1961 infructuosi,
1044 1902 1060 1945 a
1076 1889 1196 1964 pmpter

212 1991 357 2053 laudatam
368 1990 646 2071 decemplutiaorum
658 1992 759 2070 vitam,
780 1989 933 2054 Christiani
959 1986 1098 2052 andiunt!
1113 1986 1190 2061 Quo-

212 2093 265 2156 ties
280 2092 423 2174 Evangelii
436 2094 680 2179 philosophiaeque
694 2095 796 2177 placita
817 2098 851 2157 et
868 2100 965 2156 mente
976 2092 1052 2156 inter
1065 2111 1097 2155 se
1108 2110 1192 2155 com-

186 2246 188 2251 .
209 2206 358 2280 parantur,
369 2206 401 2261 ul
413 2197 556 2263 Christum
569 2200 609 2263 nil
619 2219 722 2263 nouum
733 2200 875 2278 attulisse,
885 2197 1190 2278 Christianismumqnc

208 2302 278 2365 nihil
297 2320 361 2365 esse
376 2303 431 2365 nisi
453 2304 608 2386 quamdam
629 2305 845 2388 philosophandi
865 2304 1018 2381 rationem,
1034 2302 1187 2385 appareat!

207 2405 416 2488 Antiquis,scd
436 2408 577 2487 nondum,
593 2416 625 2471 ut
639 2409 760 2489 videtur,
775 2397 926 2473 hebetibus
947 2408 1023 2485 telis,
1038 2424 1104 2469 enee
1116 2405 1194 2467 auti·

208 2530 293 2593 quam
306 2513 476 2595 opponimus
499 2522 687 2595 armaturam,
711 2534 797 2598 quam
819 2534 876 2579 non
895 2520 1035 2578 uetustate
1048 2511 1191 2591 fragilem,

207 2633 261 2678 nec
274 2616 405 2697 rubigine
418 2637 533 2681 exesam
545 2619 650 2683 utendo
661 2619 798 2683 iuvenies.
807 2619 928 2683 Praestat
935 2627 1028 2683 totum
1042 2618 1193 2700 perlegere

190 2774 193 2780 .
207 2716 330 2781 librum:
347 2739 401 2783 nec
413 2729 510 2785 tamen
525 2724 606 2786 labor
623 2724 678 2787 erit
689 2724 818 2805 ingratus
832 2723 867 2786 iis
880 2722 1030 2786 immomri
1044 2721 1191 2803 quaetio

207 2820 256 2883 illo
270 2823 393 2885 maxime
406 2826 542 2903 eminent,
566 2834 594 2889 et
617 2827 707 2889 nostri
728 2826 868 2908 temporis
888 2833 1007 2907 possunt
1024 2824 1192 2889 utilitatibus

206 2923 353 2988 inservire.

247 3026 334 3090 llulla
358 3048 423 3111 que
445 3038 553 3109 noster,
579 3039 694 3113 pectore
718 3051 776 3095 non
805 3034 901 3095 minius
920 3036 1006 3115 quem
1027 3052 1079 3097 ore
1098 3034 1194 3101 diser·
1265 3022 1269 3030 ’

207 3138 270 3209 tus,
293 3130 520 3197 Christianomm
544 3136 796 3201 calumniatoribus
824 3136 990 3219 respondit,
1016 3138 1106 3201 mulla
1128 3158 1195 3225 quaa

206 3234 321 3317 copiose
335 3237 485 3319 lepideque
499 3239 632 3303 adversds
641 3241 709 3305 deos
722 3242 886 3326 disputarit,
902 3242 1053 3325 impictatis
1072 3244 1195 3310 crimine

205 3356 273 3402 suos
286 3349 471 3422 purgaturus,
486 3344 575 3408 multa
591 3364 656 3428 quae
679 3347 715 3411 dc
738 3350 901 3415 christiane
919 3351 1055 3415 doctrine
1072 3354 1192 3419 veritate
1261 3434 1267 3444 ·

205 3443 328 3507 dilucide
347 3446 491 3527 disseruit,
506 3448 586 3514 inuiti
607 3454 853 3534 praeterlabimur3
870 3474 994 3537 quorum
1007 3458 1138 3539 quaedam
1152 3461 1192 3523 ah

205 3549 291 3631 hujus
303 3552 433 3633 opusculi
446 3552 604 3619 intentione
623 3558 716 3621 aliena
737 3566 815 3638 sunt,
839 3562 969 3643 quasdam
990 3562 1046 3625 alio
1060 3563 1124 3626 loco
1136 3581 1188 3645 op-

206 3657 356 3736 portunius
379 3657 607 3726 collocabuntur.
630 3662 674 3725 Ad
698 3680 731 3725 ea
758 3665 936 3742 festinamus,
960 3664 1065 3746 quibus
1086 3665 1194 3731 Noster-

205 3758 372 3825 Christianm
384 3761 504 3826 civitatis
517 3764 671 3846 imaginem
689 3769 851 3848 adumbrat,
866 3770 1091 3854 Christianaeque
1103 3772 1189 3836 dect..

204 3865 290 3945 plinae
309 3868 338 3929 in
354 3868 560 3951 rempublicam
581 3872 683 3936 merita
703 3882 864 3955 enumerat,
884 3874 1014 3939 factionis
1035 3885 1133 3940 notam
1151 3879 1190 3941 ah

204 3966 330 4032 Ecclesit
344 3972 486 4053 depellere
500 3975 627 4040 studens.
644 3977 685 4040 lle
694 3978 749 4041 hoc
760 3979 837 4043 enim
850 3980 1189 4047 acerrimumluittrihua

126 4158 133 4173 ’
238 4170 274 4239 (1)
289 4174 406 4241 Apolog„
423 4178 435 4241 5
453 4180 477 4229 t.
