3200 5067
394 421 427 472 oo
687 415 728 468 oa
743 418 775 480 a.
792 415 819 466 s,
837 416 864 466 a.
883 409 1101 468 aaaruunmao

393 530 534 610 speculum
545 529 689 605 uidemus,
713 526 815 590 deinde
838 527 914 608 quod
930 546 946 588 a
963 533 1083 606 negatur
1104 525 1264 589 substantia
1277 530 1372 591 nomi-

313 645 318 654 ·
396 652 411 693 a
434 633 490 710 nis,
514 631 543 694 id
566 639 609 694 est
630 630 831 710 magnitudinis
852 649 918 710 quae
940 631 1016 693 Deus
1040 630 1155 706 dicitur,
1171 630 1196 690 si
1218 648 1276 692 non
1294 638 1372 694 tanta

397 760 412 791 o
435 736 607 815 agnoscitur,
624 741 759 816 quantam
781 733 805 794 si
820 733 906 795 homo
927 734 1107 794 omnifariam
1121 752 1206 794 nosse
1222 734 1371 813 potuisset,

395 858 411 901 a
434 838 598 918 magnitudo
611 856 670 898 non
684 841 767 898 esset.
784 835 867 907 Quod
879 835 957 896 enim
975 836 1064 897 rideri
1078 837 1281 914 communiter,
1296 838 1373 919 quod

397 941 654 1024 (comprehendi,
673 940 748 1020 quod
767 939 903 1001 aestimari
926 946 1029 1020 potest,
1053 940 1147 1000 minus
1164 948 1211 1001 est
1234 948 1264 1002 et
1283 943 1373 1004 oeulis

395 1064 412 1108 a
435 1046 536 1126 quibus
551 1050 717 1125 occupatur,
732 1050 760 1105 et
774 1043 904 1104 sensibus
923 1043 1027 1124 quibus
1041 1043 1193 1104 invenitur.
1209 1042 1291 1116 Quod
1303 1048 1372 1107 aero

395 1167 411 1210 o
433 1149 606 1210 immensum
620 1154 674 1224 est,
690 1146 744 1207 sibi
760 1147 813 1207 soii
836 1153 935 1208 notum
954 1153 1014 1208 est:
1036 1146 1076 1206 ita
1090 1144 1215 1212 cuminis
1226 1148 1373 1226 magnitu-

395 1273 411 1315 a
434 1252 507 1315 diuis
521 1259 550 1315 et
562 1259 662 1314 uotum
676 1249 838 1312 hominibus
853 1249 953 1330 objicit
964 1256 993 1312 et
1005 1249 1134 1328 ignotum
1151 1248 1210 1328 (i).
1230 1269 1245 1309 u
1265 1249 1335 1316 Haee
1347 1251 1372 1312 si

393 1363 489 1420 mente
503 1363 611 1432 tenena,
627 1354 716 1415 muita
729 1371 792 1432 quae
807 1353 882 1415 inter
893 1372 924 1414 se
936 1371 1065 1433 pugnare
1078 1351 1221 1429 videntur,
1236 1355 1372 1419 concilia-

393 1460 456 1540 bis3
471 1478 525 1522 nec
541 1458 702 1534 miraberis,
716 1457 765 1518 ubi
779 1475 891 1537 summa
904 1457 952 1518 ilia
963 1456 1133 1535 magnitudo
1140 1464 1252 1534 agatur,
1268 1458 1374 1521 hebes·

394 1583 459 1627 cere
472 1565 562 1632 aciem
576 1561 694 1624 humani
708 1561 825 1640 ingenii,
840 1560 1079 1640 multaqueionge
1091 1560 1173 1623 aliter
1186 1564 1285 1622 reuera
1299 1564 1372 1626 exis-

394 1675 456 1734 tere
469 1669 581 1748 atqued
596 1667 676 1729 nobis
689 1666 884 1728 aestimantur:
902 1683 918 1726 n
939 1662 980 1724 lta
1000 1663 1076 1725 Deus
1089 1663 1235 1726 invisibilis
1249 1673 1303 1744 est,
1319 1668 1372 1730 etsi

395 1792 411 1834 a
433 1773 578 1849 videatur3
595 1769 901 1853 incomprehensibilis,
916 1769 969 1830 etsi
982 1787 1034 1850 per
1048 1770 1167 1847 gratiam
1181 1779 1371 1852 repraesente-

395 1895 411 1938 o
433 1881 497 1954 tur;
512 1877 550 1938 ita
564 1876 625 1937 taim
640 1875 762 1944 maxime
774 1893 895 1955 magnus
907 1875 996 1954 qudm
1006 1861 1113 1936 homiui
1128 1873 1259 1971 pusiilus,
1268 1883 1296 1936 et
1309 1877 1371 1937 tdm

395 1999 410 2040 o
433 1981 556 2042 maxime
570 1981 706 2061 optimus,
723 1980 811 2061 quaint
824 1979 933 2041 homini
947 1999 1005 2042 non
1019 1979 1122 2057 bonno,
1136 1985 1165 2040 et
1175 1980 1236 2040 ttim
1249 1979 1372 2041 maxime

394 2103 410 2144 o
433 2101 518 2161 uuus,
535 2085 622 2165 quaint
637 2082 745 2144 homini
760 2083 816 2144 duo
832 2082 874 2144 vei
888 2083 984 2163 plures
995 2085 1053 2162 (2).
1074 2103 1089 2144 t

433 2185 567 2266 Sequitur
580 2191 624 2262 ut,
639 2185 663 2246 si
682 2185 748 2265 quid
764 2184 864 2246 divinae
887 2186 1017 2247 essentiae
1037 2185 1171 2248 humanis
1194 2185 1372 2266 exprimatur

392 2288 519 2365 uocibus,
533 2288 642 2366 singula
656 2288 741 2352 verba
756 2288 858 2368 quibus
875 2289 982 2352 utimur
996 2310 1053 2353 nou
1068 2310 1102 2354 eo
1124 2309 1209 2373 quem
1227 2293 1303 2373 apud
1316 2311 1371 2355 nos
1464 2340 1467 2345 -

393 2390 499 2453 habent
511 2409 597 2453 ¹sensu
611 2389 793 2468 intelligenda
812 2390 880 2465 sint,
896 2393 989 2455 sedin
1003 2394 1199 2456 sublimiorem
1217 2397 1371 2476 quamdam

394 2493 525 2572 erigenda
542 2493 787 2572 significationem,
804 2512 841 2556 ne
854 2495 939 2573 sorte,
963 2514 1061 2558 rerum
1082 2497 1197 2561 inverso
1213 2499 1324 2577 ordine,
1339 2501 1371 2561 in
1402 2535 1406 2540 -

391 2595 447 2658 Deo
454 2597 545 2678 putido
554 2598 675 2657 domena
689 2597 845 2672 constituor,
857 2601 938 2678 quum
948 2599 980 2659 in
996 2601 1106 2662 homine
1116 2603 1212 2664 diuino
1222 2604 1277 2682 (3).
1290 2603 1371 2667 Hauc

394 2700 418 2762 si
428 2706 589 2764 constanter
602 2700 788 2763 differentiam
804 2708 911 2780 teneas,
923 2702 1011 2764 multa
1018 2705 1078 2784 jam
1088 2723 1147 2766 non
1156 2712 1185 2766 te
1194 2703 1298 2768 laedent
1307 2727 1371 2789 quae

394 2805 418 2868 si
432 2805 521 2868 sacris
541 2805 570 2866 in
585 2804 664 2886 lilpis
678 2804 770 2867 divini
783 2808 931 2887 majestate
945 2825 1003 2869 non
1016 2808 1084 2870 satis
1097 2809 1181 2888 digua
1194 2811 1286 2891 prima
1299 2811 1371 2872 facie

391 2907 540 2971 uidentm:
563 2927 582 2968 a
606 2907 683 2969 Deus
708 2909 784 2970 enirn
800 2928 858 2972 non
877 2911 1015 2991 potuisset
1036 2913 1176 2975 humanus
1201 2933 1369 2994 congressus

393 3033 410 3091 a
430 3013 515 3092 inire,
533 3014 589 3076 nisi
612 3015 751 3076 humanos
770 3025 798 3078 et
821 3035 922 3081 sensus
942 3025 970 3078 et
990 3017 1107 3079 effeetus
1121 3019 1303 3098 suscepisset,
1318 3037 1370 3099 per

395 3141 410 3172 a
432 3136 503 3198 quos
516 3108 572 3180 uim
585 3120 740 3200 majestatis
754 3137 826 3196 suae,
841 3119 1049 3182 intolerabilem
1062 3121 1160 3202 utique
1181 3108 1370 3184 mediocritati

393 3239 409 3282 o
431 3221 576 3298 humanae,
593 3223 750 3285 humilitate
765 3230 948 3304 temperaret,
966 3223 1019 3285 sibi
1033 3223 1148 3304 quidem
1169 3223 1295 3305 indigna,
1310 3227 1368 3288 ho-

282 3389 284 3392 ,
394 3341 410 3382 o
432 3321 500 3382 mini
512 3329 607 3384 autem
625 3325 801 3404 neeessarid3
821 3333 850 3388 et
865 3329 928 3407 jam
947 3327 1006 3389 Deo
1020 3327 1117 3408 digna,
1135 3329 1201 3408 quia
1221 3328 1291 3390 nihii
1306 3330 1368 3390 tdm

393 3443 409 3484 a
431 3423 547 3502 dignum
559 3425 617 3487 Deo
632 3429 717 3506 quam
731 3429 809 3492 salus
822 3431 945 3492 hominis
961 3432 1021 3512 (la).
1040 3451 1055 3493 a
1072 3432 1116 3495 Ad
1129 3432 1204 3494 hanc
1216 3433 1308 3511 legem
1322 3450 1370 3494 re·

391 3530 515 3592 vocanda
529 3539 596 3594 sunt
611 3551 675 3613 quae
689 3533 723 3594 de
741 3531 791 3596 Dei
802 3534 990 3614 -pceuitentid,
1010 3536 1064 3612 ira,
1080 3535 1273 3615 indignatione
1285 3535 1370 3597 audi-

391 3649 471 3698 mus:
489 3655 505 3696 a
519 3635 582 3698 Non
597 3637 672 3700 enim
686 3637 709 3700 si
723 3637 868 3702 hominem
883 3657 918 3702 ex
933 3637 1132 3710 recordatione
1145 3637 1303 3721 plurimum
1317 3636 1369 3699 de-

424 3811 458 3876 tt)
475 3813 549 3877 apol,
565 3815 577 3877 5
593 3815 634 3865 17.

423 3904 459 3970 (ᾖ)
477 3904 540 3956 ndu.
553 3905 632 3969 Maro,
648 3907 679 3968 il,
699 3908 710 3970 5
724 3905 750 3956 Ξ.

423 3994 538 4060 (et‘nuv.
552 3999 630 4060 Marc,
646 4001 678 4062 li,
694 4000 706 4062 5
723 4001 764 4051 to.
804 3997 808 4004 '

425 4088 462 4154 tt]
475 4091 528 4152 Id,
543 4092 592 4150 tta,
608 4093 619 4154 5
633 4091 676 4140 27.

1565 3186 1567 3329 i
