3200 5067
300 481 334 532 62
577 479 618 530 DE
635 481 664 542 Q.
681 481 709 530 S.
729 478 757 530 F.
774 476 994 531 Tuhrutttnlto

342 594 440 655 Restat
462 598 493 654 ut
514 579 676 673 queramus
699 589 842 673 quomodo
864 591 927 653 haec
954 590 1029 651 inter
1051 607 1085 654 se
1106 596 1281 668 congruant,

300 696 433 779 idemque
448 696 589 758 rationem
614 715 691 758 nunc
710 696 851 757 exsecrari
870 694 1016 776 potuerit,
1038 711 1116 755 nunc
1134 693 1283 772 religiosos

301 803 332 864 in
345 821 414 863 usus
426 809 552 863 vertere:
569 819 623 862 nec
642 789 762 880 operose
776 801 902 861 solvetur
915 817 949 861 ea
962 817 1027 878 quae
1040 799 1150 860 videtur
1162 798 1285 863 existere

299 903 500 985 repugnantia,
516 904 538 964 si
553 904 609 968 duo
625 902 844 983 philosophandi
858 921 962 980 genera
975 902 1076 964 sedulo
1092 902 1168 962 inter
1180 919 1212 963 se
1225 902 1285 964 dis·

303 1025 463 1069 cernamus.
475 1005 609 1082 Quidam,
622 1005 729 1066 viribus
743 1004 802 1068 suis
816 1005 928 1081 conlisi,
939 1011 968 1066 et
977 1022 1063 1066 omne
1067 1005 1171 1084 jugum
1184 1021 1284 1084 asper-

303 1117 415 1185 nantes,
440 1109 493 1169 sibi
514 1111 563 1188 jus
581 1108 721 1169 vindicant
746 1108 883 1189 quidquid
907 1107 998 1168 visum
1022 1107 1109 1169 fuerit
1125 1107 1282 1184 asserendi,

303 1212 382 1273 nulla
394 1229 487 1291 neque
498 1211 627 1273 omnium
641 1214 809 1289 consensus,
820 1230 915 1292 neque
925 1212 1097 1289 divinorum,
1108 1212 1134 1272 si
1146 1230 1202 1292 qua
1212 1212 1282 1290 sint,

304 1316 486 1379 oraculorum
500 1314 597 1377 habita
617 1314 739 1377 ratione.
756 1314 855 1377 Cernis
871 1321 1007 1396 quautam
1020 1314 1059 1376 ihi
1073 1315 1220 1393 caliginem
1232 1333 1284 1376 su·

303 1418 400 1500 perbia
426 1417 569 1481 mentibus
590 1417 724 1480 humanis
743 1418 887 1496 offundat,
910 1418 977 1480 crim
1000 1417 1121 1499 quisque
1143 1418 1207 1499 plus
1228 1418 1284 1480 sibi

304 1525 390 1604 quam
402 1523 545 1598 omnibus,
560 1529 589 1584 ct
601 1522 710 1584 homini
726 1523 815 1602 qulm
829 1521 888 1584 Deo
906 1523 995 1585 fidere
1009 1530 1164 1586 assuescat.
1180 1520 1283 1602 lugens

303 1643 418 1706 quoque
436 1626 520 1689 datur
540 1626 686 1688 erroribus
708 1627 844 1706 spatium,
871 1626 937 1688 crim
960 1644 1071 1706 neque,
1087 1625 1111 1687 si
1131 1626 1195 1707 quis
1207 1625 1283 1687 circa

304 1728 443 1811 principia
463 1728 632 1809 peccaverit,
655 1729 713 1790 ulla
738 1728 864 1809 supersit
886 1729 1040 1790 auctoritas
1059 1729 1223 1810 faucillum
1245 1730 1283 1792 ad

305 1850 372 1894 vera
387 1832 515 1911 reducat,
528 1850 621 1912 noque
635 1832 834 1914 philosophus,
851 1832 899 1894 ubi
915 1851 946 1896 se
955 1833 991 1895 ad
1000 1851 1033 1895 ea
1042 1833 1175 1896 devenire
1184 1852 1283 1896 sensc-
1378 1907 1381 1909 Α

304 1936 342 1998 rit
354 1935 458 2017 quibus
472 1936 516 1998 vel
531 1937 642 2015 generis
652 1936 771 1998 humani
781 1937 871 2011 tides,
887 1936 930 1997 vel
948 1935 1039 1997 divim
1055 1935 1184 1998 doctrina
1196 1955 1282 2016 repu-

305 2037 384 2119 gnet,
399 2041 437 2102 ita
452 2040 488 2102 sil
500 2041 629 2117 affectus,
652 2049 693 2117 ut,
709 2041 726 2102 d
741 2039 949 2119 consequentiis
966 2039 1141 2117 abhorrens,
1157 2039 1219 2120 ipsa
1233 2058 1282 2101 re-

305 2145 414 2227 linquat
431 2145 580 2226 principia.
596 2145 676 2206 Hanc
690 2146 763 2206 viam
781 2145 872 2206 secuti
883 2143 1003 2220 Thales,
1019 2143 1111 2223 etqui
1121 2150 1185 2223 post
1200 2143 1281 2209 illum

190 2323 197 2335 .
305 2250 341 2310 ab
354 2249 432 2310 lonih
445 2267 550 2310 nomen
564 2267 623 2312 suae
636 2249 791 2330 disciplinae
809 2247 928 2310 mutuati
943 2255 1021 2325 sunt,
1036 2247 1147 2309 nullum
1161 2245 1219 2309 Deo
1231 2265 1281 2324 re<

305 2353 449 2433 liquerunt
460 2352 489 2412 in
507 2352 576 2414 orbe
591 2353 701 2430 locum;
718 2353 948 2428 bononiense
961 2340 1116 2433 posthunc
1129 2351 1279 2432 Epicurus,

304 2456 384 2518 illum
400 2456 499 2518 mundi
513 2463 644 2520 ornatum
659 2476 725 2520 casu
750 2465 845 2519 ortum
864 2473 929 2518 esse
949 2456 1103 2521 commenti
1115 2462 1192 2517 sunt.
1208 2453 1281 2516 Con·
1316 2518 1320 2527 ,

304 2559 349 2620 trd
362 2559 456 2638 pauci,
472 2559 604 2636 ingenite
617 2561 748 2621 humanis
763 2561 905 2622 mentibus
918 2559 1068 2622 debilitatis
1077 2559 1191 2635 conscii,
1202 2559 1280 2639 quod

305 2666 334 2721 et
346 2660 428 2722 malis
447 2661 696 2724 consuetudinibus
717 2663 921 2743 corrumpitur,
935 2670 965 2725 ct
983 2665 1116 2744 superbit
1137 2663 1278 2740 tumescit,

306 2771 335 2825 et
347 2763 471 2826 hebescit
489 2764 612 2845 pigritia,
635 2766 704 2827 nihil
725 2765 768 2828 illi
792 2765 909 2828 subsidii
922 2767 1112 2848 abjiciendum
1129 2768 1185 2830 rati
1197 2774 1278 2845 sunt3

304 2869 453 2931 nonenim
472 2872 549 2932 hunc
569 2889 631 2934 esse
650 2871 836 2953 philosophie
853 2889 984 2951 scopum,
1008 2877 1040 2932 ut
1059 2879 1170 2934 naturae
1181 2877 1280 2935 roco‘m

304 2969 442 3048 inhibeat,
456 2972 507 3034 sed
519 2981 551 3034 ut
564 2991 664 3036 earum
677 2974 828 3036 notionum
842 2993 906 3054 quae
918 2971 1047 3036 omnium
1061 2976 1163 3037 animis
1176 2977 1281 3038 anah·

306 3074 380 3136 libus
395 3075 504 3154 insunt,
519 3077 630 3157 plenior
644 3077 694 3138 fiat
707 3077 901 3155 intelligentia,
916 3085 946 3138 et
958 3077 1081 3156 longids,
1094 3079 1117 3139 si
1136 3079 1198 3139 fieri
1213 3097 1281 3160 pos-

306 3181 452 3249 sitiunt
476 3173 599 3243 veritatis
622 3183 803 3262 procedatur.
823 3181 978 3259 Praeterea,
1005 3184 1071 3248 culm
1095 3183 1192 3245 lumen
1209 3182 1281 3243 illud

306 3289 428 3359 naturae,
445 3283 528 3344 etiam
545 3282 731 3364 philosophiae
745 3285 857 3362 ignibus
872 3285 1012 3365 adjutum,
1022 3285 1167 3362 tenebras,
1183 3284 1279 3346 mulds

307 3384 474 3464 magnisque
492 3386 694 3462 quaestionibus
715 3387 915 3463 circumfusas,
936 3387 1077 3468 depellere
1098 3405 1156 3448 nou
1174 3387 1278 3462 valeat,

307 3503 341 3548 eo
355 3493 423 3548 sunt
436 3487 542 3564 animo,
558 3495 590 3548 ut
603 3489 703 3551 divine
719 3490 789 3552 lucis
810 3491 962 3566 auxilium,
978 3497 1028 3551 aut
1040 3491 1174 3552 ardenter
1186 3489 1279 3569 requi·

306 3599 372 3654 rant
389 3599 608 3674 exposcantque,
626 3600 675 3655 aut
697 3593 842 3655 inventum
862 3601 923 3657 toto
944 3601 1058 3675 pectore
1072 3595 1278 3674 amplexentur.

223 3761 227 3766 ,
306 3695 348 3758 Ital
364 3696 493 3759 Socrates
507 3697 655 3779 proprium
671 3705 780 3760 nature
803 3717 921 3760 sensum
936 3717 987 3777 quo
1006 3697 1078 3757 llere
1092 3700 1216 3758 animem
1232 3697 1281 3756 do·

307 3809 367 3858 tace
382 3800 506 3878 digitulos
518 3809 568 3878 est,
584 3819 748 3864 sermonum
759 3805 890 3864 'suorum
909 3801 1057 3863 exordium
1071 3808 1121 3862 aut
1134 3801 1221 3861 smcm
1234 3817 1283 3860 su-

308 3918 388 3964 mere
410 3901 532 3982 solebat3
557 3910 586 3966 et
608 3903 706 3983 Plato,
731 3907 821 3967 multa
846 3923 996 3971 occrurere
1025 3904 1191 3980 confessus,
1219 3921 1283 3984 quae

307 4023 403 4084 nemo,
419 4006 475 4083 nisi
488 4007 574 4084 Deus,
592 4007 734 4070 elucidare
747 4010 865 4088 valeret,
881 4011 989 4073 interea
998 4009 1136 4091 quidquid
1149 4010 1166 4071 a
1179 4007 1284 4070 vetem-

308 4107 361 4172 bus
377 4111 510 4173 traditum
525 4112 618 4175 luerat
635 4113 735 4176 sedulo
755 4115 923 4194 rimabatur,
939 4119 972 4178 ed
990 4133 1042 4196 spe
1055 4121 1099 4190 ut,
1114 4115 1151 4176 de
1165 4111 1281 4193 antiquo
