3200 5067
381 489 429 546 tto
484 525 497 550 .
654 489 695 540 DE
711 490 743 551 Q.
763 489 789 538 S.
809 484 1077 538 summoturum
1112 505 1117 512 ·

381 627 397 666 r
421 603 515 667 timori
529 610 560 668 et
573 603 634 684 spei
652 603 712 682 (1).
728 601 845 680 »Igitur
853 600 1015 682 persecutio
1027 597 1109 663 vitari
1119 595 1358 679 nondebct,quia

379 709 489 772 honrem
512 708 612 786 (omne
624 706 704 768 enim
718 704 795 786 quod
808 703 867 765 Deo
891 703 982 766 risum
1003 709 1048 764 est
1071 701 1133 780 ipso
1146 706 1235 765 ‘statu
1250 693 1360 762 bonurn

381 811 525 898 dicimus,
553 811 604 872 etsi
624 808 723 872 ¹sensui
748 806 862 868 malum
882 804 1039 878 nestun
1063 820 1118 890 nec
1144 802 1225 871 uitari
1251 808 1367 888 poteotp

381 913 669 996 quippdvoluntatem
682 911 841 973 rainutius
853 907 955 970 eradit.
973 926 988 968 c
1003 905 1060 978 Qui
1073 912 1175 986 putant
1183 905 1361 985 fugiendm

383 1035 406 1076 r.
420 1021 471 1077 aut
489 1015 597 1078 malum
618 1013 790 1094 exprobrant
812 1012 882 1087 lieo,
898 1011 930 1072 si
951 1008 1177 1090 persecutionem
1199 1007 1240 1069 uti
1253 1009 1361 1076 malum

383 1116 547 1196 «.sugiant;
573 1117 681 1178 bonum
706 1115 783 1178 enim
808 1133 895 1196 nemo
909 1113 1030 1190 devitat3
1046 1119 1097 1174 aut
1109 1109 1241 1174 fortiores
1259 1131 1292 1173 se
1304 1112 1363 1177 Deo
1395 1113 1399 1118 ’

383 1239 400 1281 c
420 1219 652 1299 existimaturi
661 1225 765 1299 putant
777 1217 810 1279 se'
821 1217 941 1279 eradere
953 1232 1049 1296 posse,
1059 1213 1085 1275 si
1098 1210 1175 1276 Deus
1188 1214 1245 1275 tale
1258 1213 1365 1296 aliquid

292 1375 298 1386 .
383 1341 399 1383 c
421 1321 543 1387 voluerit
555 1322 667 1384 evenire
690 1322 751 1401 (ἢ).
770 1320 913 1384 »Desidia
930 1320 975 1382 his
989 1319 1142 1396 verbiset,
1160 1319 1237 1399 quod
1250 1318 1364 1382 Leibni-

334 1411 336 1415 ’
382 1426 440 1488 tirus
453 1429 544 1506 fctum
559 1426 781 1487 mahometanum
794 1424 953 1505 nuncupat,
967 1423 1147 1504 apertissime
1161 1420 1361 1502 pmdicantur.

382 1528 412 1592 Si
424 1528 492 1591 teeti
513 1527 596 1592 ruina
609 1527 783 1609 impendeat,
805 1526 830 1588 si
841 1525 1005 1605 contagium
1026 1525 1149 1606 irrepat,
1170 1524 1194 1584 si
1206 1523 1296 1587 hostis
1308 1524 1363 1585 ad-

381 1639 486 1708 ventet,
508 1632 568 1694 noli
588 1649 719 1713 gressum
741 1646 869 1705 movere,
889 1627 950 1690 noli
963 1627 1123 1704 architecti,
1138 1625 1252 1702 medici,
1267 1624 1364 1694 militis

382 1734 518 1798 auxilium
531 1734 682 1799 iuvocare:
698 1733 773 1796 hona
788 1733 865 1796 enim
880 1739 946 1794 sunt
957 1750 1025 1812 quae
1036 1731 1128 1793 vitare
1139 1730 1256 1806 studes,
1268 1738 1365 1810 utpote

383 1843 399 1904 a
421 1840 492 1904 Deo·
502 1839 647 1902 immissa:
663 1842 738 1919 *quse
755 1837 779 1899 si
791 1838 809 1899 d
822 1837 1009 1916 tedepellere
1020 1835 1186 1911 tentaveris,
1202 1834 1366 1897 rebellionis

262 1979 266 1984 ·
385 1961 456 2006 reus
468 1943 624 2006 habebere.
637 1941 726 2020 Finge
735 1941 802 2002 vero
811 1939 1017 2022 Septimiannnr
1026 1937 1097 2001 illud
1103 1937 1367 2018 poradoaooinlic·

320 2042 323 2047 “
384 2048 483 2135 etesia,
499 2047 729 2128 persecutionum
749 2053 890 2127 tempore,
917 2045 1055 2121 obtineat,
1079 2051 1180 2106 omnes
1202 2043 1233 2104 in
1257 2043 1367 2106 civitate

383 2153 606 2234 permanebunt,
621 2137 716 2214 nullas
723 2153 784 2231 janu
798 2147 834 2210 ad
847 2148 987 2210 orandum
996 2155 1157 2228 quaerentes
1166 2146 1305 2224 latebras3
1316 2147 1366 2209 sed

382 2255 502 2339 meridie
515 2256 687 2336 prodeuntes
702 2271 782 2314 sacra
799 2252 829 2312 in
843 2252 905 2314 soro
919 2242 1115 2314 ceiebrabunt.
1129 2249 1203 2323 Quid
1216 2250 1292 2312 enim
1306 2249 1367 2310 lati-

383 2363 444 2418 tare
458 2357 473 2417 a
488 2356 622 2436 tegendo
636 2355 747 2430 differt,
769 2355 836 2417 crim
852 2354 949 2442 nuilus
963 2353 1017 2418 nisi
1030 2352 1135 2440 latendi
1155 2353 1241 2439 causta
1257 2350 1366 2430 fngiat?

382 2460 440 2526 Aut
454 2462 504 2542 qui
518 2459 618 2523 melior
630 2466 675 2522 est
687 2477 789 2522 eorum
804 2477 891 2521 causa
904 2477 978 2540 quos
995 2458 1124 2534 latebre,
1141 2475 1199 2518 non
1213 2457 1303 2532 exoa,
1316 2457 1367 2518 sed

383 2563 457 2625 intrai
477 2562 617 2624 civitatem
633 2563 772 2640 fugientes
787 2562 961 2644 protegunt?
979 2597 1010 2607 -
1028 2562 1117 2638 Dein,
1134 2574 1263 2641 quanam
1281 2566 1366 2639 putas

382 2683 445 2738 sors
459 2665 515 2728 erit
527 2665 669 2726 nascentis
683 2663 830 2743 Ecclesiae,
846 2665 869 2728 si
882 2684 970 2726 noros
984 2664 1115 2742 alumnos
1125 2683 1183 2727 non
1194 2655 1301 2741 tegere,
1315 2663 1366 2724 sed

382 2769 477 2849 potids
490 2769 726 2850 persequentibus
740 2751 866 2850 objicere
880 2775 1028 2850 properet,
1043 2775 1130 2848 atque
1143 2773 1232 2829 totam
1247 2785 1278 2828 se
1292 2785 1366 2828 mao-

381 2872 542 2952 rainer-(3)
566 2889 623 2935 uno
648 2873 809 2952 eodemque
831 2872 908 2933 ferro
932 2870 1129 2932 trucidandam
1152 2864 1364 2946 offeratiiieus,

331 2971 335 2982 '
383 2975 487 3064 inquis,
503 2976 557 3038 sibi
573 2976 632 3057 ipse
646 2976 795 3038 consulet:
821 2975 857 3037 ad
874 2975 952 3056 quod
971 2975 1130 3055 respondeo
1153 2993 1200 3036 me
1221 2992 1279 3035 non
1299 2973 1365 3035 fidei

382 3079 495 3156 timere,
521 3073 607 3158 quam
630 3078 823 3141 immortalem
838 3078 915 3155 novi,
931 3077 989 3139 sed
1009 3060 1130 3155 singulis
1143 3075 1262 3138 urlsrbus
1274 3077 1366 3154 genti-

381 3180 510 3260 busque,
526 3181 689 3258 evangelica.
700 3181 818 3243 veritate
835 3181 931 3243 forsan
945 3179 1090 3256 orbandis,
1106 3179 1130 3242 si
1144 3167 1220 3240 caeeo
1233 3185 1366 3261 tyranno-

380 3303 446 3348 rum
472 3285 563 3347 furori
583 3287 752 3356 immodicus
772 3287 998 3349 Christianorum
1019 3286 1104 3348 ardor
1122 3286 1289 3352 subserriat.
1311 3282 1366 3347 Ta-

382 3405 432 3448 ceo
454 3389 530 3476 qudd
556 3390 632 3468 saepe
654 3390 747 3451 carnis
774 3391 925 3453 infirmitas
952 3390 1068 3475 nimiam
1089 3384 1207 3471 spiritus
1232 3388 1366 3452 fiduciam

381 3488 457 3569 apud
469 3489 574 3550 multos
586 3487 618 3549 in
628 3505 763 3568 magnum
777 3485 890 3556 rorabit
904 3494 1068 3572 discrimen,
1080 3493 1182 3575 quibus
1194 3492 1269 3554 Deus
1282 3493 1321 3554 ita
1335 3511 1367 3554 se

381 3592 582 3660 centaurum
597 3593 738 3675 pollicitus
752 3601 806 3672 est,
825 3595 850 3659 si
870 3595 906 3659 de
926 3615 957 3662 se
971 3596 1026 3677 ipsi
1036 3615 1102 3666 ¹nou
1114 3595 1363 3678 praesumpserint:

380 3699 509 3781 idenim
534 3697 671 3788 Septimio
689 3699 756 3762 'leve
770 3699 910 3777 videatur,
935 3700 983 3780 qui
1007 3701 1097 3762 levius
1120 3690 1265 3780 apostasiae
1280 3698 1365 3776 quim

415 3923 450 3986 tt)
461 3892 503 3972 ndie
517 3923 578 3986 nug.
595 3925 621 3973 in
636 3921 746 3986 perseo,
764 3901 778 3987 5Ἰ
792 3928 816 3974 t.
858 3994 862 3998 Α

414 4010 451 4076 (n)
466 4013 518 4072 rc,
533 4012 544 4073 r
560 4012 585 4060 e.
615 4055 618 4058 .

413 4103 447 4166 ps)
462 4103 513 4166 ro,
530 4103 541 4164 r
558 4103 599 4154 rs,
