3200 5067
352 476 387 526 to
631 476 670 526 br:
689 476 719 539 Q.
738 477 764 527 S.
783 478 811 527 F.
830 476 1052 529 tunttttttttto

354 596 452 652 tunam
466 588 550 651 Urbis
564 597 749 669 reumantes,
766 591 822 673 ipsi
844 610 875 655 se
896 610 1035 674 suamque
1057 592 1213 675 potentiam
1233 594 1335 657 divinis

354 700 597 783 prosequerentur
609 692 776 757 honoribus.
792 695 856 757 llos
867 697 1030 758 immutatos
1039 714 1135 759 mores
1147 696 1235 760 altera
1246 699 1336 760 sacris

355 797 384 861 in
399 798 485 861 rebus
497 797 656 861 immutatio
671 807 768 862 secuta
782 805 836 861 est.
853 798 905 862 Ubi
924 799 1020 861 omnia
1040 806 1188 881 ceperunt
1201 800 1229 861 in
1244 819 1335 865 unum

355 903 510 985 respicere,
526 902 642 983 Resque
655 902 770 981 populus
792 901 844 965 mni
860 901 978 980 servire,
1002 900 1110 963 diuinos
1127 901 1252 965 honores
1274 902 1337 983 quis

356 1007 477 1069 miretur
490 1006 519 1067 in
538 1006 619 1068 illum
635 1006 790 1069 translatos
807 1006 856 1087 qui
873 1005 982 1088 patrie,
1001 1023 1185 1088 romanaeque
1204 1005 1337 1071 Fortunae

356 1110 416 1171 sola
430 1116 579 1190 supererat
591 1110 707 1186 imago?
721 1108 801 1187 Inde,
817 1109 903 1171 uariis
916 1110 953 1172 de
973 1108 1079 1187 causis,
1098 1128 1187 1172 unum
1202 1110 1336 1174 omnibus

358 1214 387 1275 in
400 1212 574 1277 Christianos
591 1213 698 1292 odium,
714 1215 780 1279 edm
800 1214 880 1296 plebs
893 1215 1025 1294 antiquos
1043 1213 1128 1291 ritus,
1143 1213 1225 1295 quasi
1240 1214 1338 1294 quod·

358 1317 424 1381 dam
439 1318 537 1381 aeterni
558 1317 587 1380 in
610 1317 685 1381 Urbe
700 1318 814 1401 imperii
834 1317 948 1400 pignus,
973 1317 1111 1381 tenaciter
1129 1317 1271 1400 amplexa,
1286 1336 1338 1379 su·

357 1422 529 1513 perstitionis
540 1440 599 1485 snae
607 1421 782 1485 adversarios
795 1423 872 1486 uelut
885 1423 1024 1485 netarium
1037 1421 1180 1505 quoddam
1189 1420 1338 1483 deuotum·

357 1545 414 1608 que
427 1544 516 1606 genus
530 1533 735 1605 exsecraretur,
746 1532 777 1589 ot
789 1525 928 1609 quidquid
939 1526 995 1588 illis
1009 1524 1178 1605 flagitiorum
1195 1525 1278 1587 lallax
1288 1542 1339 1586 ru-

358 1646 423 1695 mor
443 1629 603 1710 objecisset,
622 1629 710 1692 avidis
728 1630 857 1694 ebiberet
876 1630 1009 1708 auribus3
1031 1630 1107 1693 docti
1126 1640 1223 1694 auum
1237 1630 1289 1693 uiri
1310 1638 1340 1693 et

358 1734 587 1807 administrandae
598 1733 762 1819 reipublicae
774 1735 870 1818 periti,
883 1735 936 1805 has
949 1734 1112 1815 religiones,
1120 1736 1175 1799 etsi
1187 1753 1281 1805 ranas,
1294 1742 1339 1797 ta-

357 1856 425 1909 men
442 1838 535 1917 utiles,
555 1838 676 1919 ideoque
696 1820 791 1923 palam
813 1840 1004 1904 observandas
1027 1839 1194 1918 credentes,
1216 1856 1267 1902 eos
1286 1857 1339 1920 pro

357 1943 479 2037 publicis
493 1943 622 2007 hostibus
635 1943 774 2006 haherent
787 1945 849 2026 qui,
862 1962 936 2008 amco
948 1946 977 2006 in
990 1944 1118 2007 instituta
1130 1946 1274 2025 majorum
1285 1944 1339 2005 im-

358 2055 426 2138 petu
439 2049 524 2123 lacto,
540 2065 682 2111 summam
692 2065 790 2109 rerum
805 2047 834 2109 in
848 2047 1004 2110 maximum
1019 2046 1174 2110 discrimen
1184 2046 1336 2125 vocabant3
1352 2046 1354 2050 ’

359 2152 453 2223 Caesar
465 2154 544 2229 verb,
560 2152 606 2213 cui
629 2151 731 2232 panim
752 2157 814 2213 erat
833 2151 857 2212 si
871 2152 1008 2216 mortales
1032 2152 1143 2214 tantdm
1162 2152 1289 2214 honores
1308 2151 1338 2225 iu

359 2266 535 2339 caputsuum
553 2255 777 2333 cumularentur,
791 2256 916 2318 numinis
924 2257 968 2318 sni
981 2257 1192 2338 contemptores
1204 2254 1339 2336 tanquam

358 2362 514 2443 majestatis
527 2361 688 2441 violatores
704 2362 915 2447 parricidasqne
929 2362 1131 2447 proscriberet.

399 2458 452 2529 Tot
462 2466 603 2555 tantisque
617 2448 760 2529 christiani
775 2468 899 2538 nominis
913 2467 1042 2538 hostibus
1056 2485 1073 2529 a
1086 2466 1222 2548 Septimio
1236 2484 1340 2529 occur-

359 2589 423 2642 sum
437 2578 480 2635 est
494 2572 523 2633 in
537 2570 719 2663 Apologelico
729 2571 836 2649 libello,
853 2589 938 2662 quem
954 2571 1002 2633 tali
1018 2569 1171 2635 verborum
1186 2571 1340 2635 uehemen-

358 2680 397 2741 tia
415 2678 675 2759 sententiarumque
698 2676 834 2756 grauitate
856 2677 1034 2769 conscripsit,
1060 2684 1104 2754 ut,
1130 2674 1255 2753 tustino,
1276 2676 1340 2739 llil-

359 2784 450 2864 tiade,
474 2786 672 2864 Athenagora,
692 2785 859 2866 caeterisque
878 2784 980 2846 Christi
1003 2792 1070 2847 ante
1094 2801 1125 2846 se
1143 2781 1340 2845 defensoribus

358 2887 440 2951 tacite
448 2886 561 2964 melior,
573 2886 705 2949 omnibus
720 2887 819 2950 eadem
831 2886 928 2970 praelia
942 2888 1040 2974 postea
1049 2886 1174 2965 inituris,
1187 2886 1338 2969 Cypriane,

358 2991 516 3069 Lactantio,
533 2990 672 3071 llrnobio,
688 2992 818 3071 Minutio,
833 2992 1003 3070 Augustino,
1019 2991 1190 3071 Athanasio,
1205 2989 1340 3074 praebue-

358 3096 397 3167 rit
417 3096 573 3177 exemplar,
589 3114 756 3176 omnesque,
778 3104 882 3177 praetcr
902 3114 992 3157 unum
1014 3096 1214 3174 Athanasium,
1231 3097 1338 3159 vicerit.

359 3192 516 3281 Cyprianus
534 3199 610 3261 enim
627 3200 663 3269 de
682 3200 790 3279 origine
810 3200 942 3277 deorum,
966 3199 1106 3277 llinutius
1121 3200 1157 3272 de
1174 3200 1343 3273 rumoribus

305 3311 306 3316 ’
360 3302 494 3374 adversus
511 3298 684 3363 Christianus
706 3302 832 3382 jactatis,
856 3304 992 3390 pleraque
1017 3303 1173 3371 disserunt.
1197 3304 1341 3374 Amohius

360 3406 451 3478 multa
464 3422 516 3487 per
524 3422 587 3486 quae
599 3404 726 3466 Ethnicis
739 3424 872 3477 errorum
885 3391 1003 3477 suorum
1014 3408 1154 3489 pudorem
1165 3409 1340 3485 incutiendo,

360 3527 435 3573 uerae
455 3508 599 3597 religionis
621 3500 750 3579 notitiam
771 3510 939 3589 insinuaret,
964 3506 1124 3582 eruditione
1145 3514 1236 3591 magis
1255 3512 1341 3593 quam

359 3615 465 3702 judicio
482 3614 644 3707 conspicua,
660 3612 689 3674 in
713 3622 777 3677 outo
799 3614 888 3685 libros
910 3617 1062 3706 congessit,
1086 3616 1182 3710 potiris
1195 3615 1282 3698 qudnr
1295 3616 1342 3685 di·

363 3720 459 3801 gessit,
472 3718 535 3801 plus
547 3720 629 3803 aequb
643 3719 773 3811 turpibus
789 3718 958 3783 immoratus
972 3719 1084 3801 sabulis,
1101 3739 1223 3804 quarum
1237 3735 1341 3782 nomen

362 3823 472 3886 reterre
485 3824 554 3885 satis
567 3822 630 3900 luit,
646 3825 805 3907 saepiusque
819 3825 1039 3888 christianorum
1056 3826 1223 3905 dogmatum
1237 3826 1339 3906 panim

364 3927 458 3993 fidelis
466 3926 617 4010 interpres,
625 3928 777 3992 vehemens
790 3929 926 3992 caeterum
936 3936 964 3991 et
977 3921 1054 4008 acer,
1069 3930 1119 3992 sed
1133 3929 1264 3992 turbidus
1277 3947 1339 3991 rno-

365 4038 448 4123 dique
469 4036 592 4115 nescius,
613 4042 699 4117 atque
719 4032 949 4114 exquisitionibus
972 4034 1075 4114 verbis,
1095 4033 1342 4119 ornatioribusque

366 4124 512 4211 sententiis
534 4122 672 4202 uronnulla
694 4137 832 4202 barbariae
860 4138 975 4217 vestigia
999 4139 1169 4203 admiscens,
1197 4138 1341 4208 Lactantio
