3200 5067
419 473 447 511 vr
809 452 999 506 eumuna.

419 580 482 636 root
497 572 566 653 (t);
582 569 659 647 inde,
674 568 751 652 qued
768 566 912 632 bumauus
921 565 1093 643 intellectus,
1108 565 1138 627 in
1149 562 1316 647 opinionum
1327 570 1402 629 mari
1469 580 1474 588 ’

419 700 481 765 sine
495 696 694 779 gubernaculis
715 697 798 760 anmi
813 697 945 778 jactatus,
970 693 1101 777 pluribus
1118 692 1295 772 veritatibus,
1320 694 1402 775 quasi
1470 778 1473 783 .
1579 677 1580 680 Ἴ

419 827 542 911 quddam
556 828 657 889 norma
676 822 838 907 disputandi
859 821 1102 903 invesfigandiqne
1117 820 1200 899 duce,
1215 819 1329 883 dotatus
1342 794 1403 897 est,

417 962 503 1036 atque
523 952 612 1017 veteri
634 950 779 1034 sterilique
797 949 910 1013 boentit
935 949 1086 1015 secandam
1110 948 1225 1013 tandem
1238 948 1325 1031 justis
1344 946 1400 1011 sub

418 1080 528 1161 legibus
538 1079 699 1144 libertatem
714 1078 843 1143 mntadt.
858 1076 986 1156 Quodsi,
999 1076 1198 1141 uostriseliam
1210 1075 1399 1159 temporibus,
1442 1068 1452 1077 ”

417 1210 478 1274 bac
492 1209 588 1273 omnia
600 1207 814 1291 diligentissimi
827 1206 962 1270 adrersds
982 1205 1166 1270 multimodos
1180 1204 1279 1268 hostes
1293 1203 1399 1269 menda
1497 1216 1519 1294 ’θ
1550 1270 1564 1295 ἢ

418 1344 496 1417 sunt,
511 1338 602 1401 multe
617 1336 766 1421 operosius
780 1336 817 1399 ad
830 1354 865 1399 ea
878 1334 1075 1417 amplectenda
1088 1340 1281 1417 repugnantes
1294 1332 1399 1411 animi,

418 1464 583 1547 infestaque
603 1463 704 1529 muudi
733 1469 910 1546 potestates,
934 1460 1014 1524 initio
1039 1460 1136 1537 induci
1156 1466 1323 1543 potuerunt.
1341 1458 1400 1522 llas

418 1594 560 1656 nascentis
570 1591 703 1655 Ecclesiae
714 1589 1029 1655 adversdsinveteratos
1050 1605 1164 1651 errores
1178 1586 1397 1665 monocerotes,

419 1718 558 1802 quantum
575 1718 690 1802 quidem
712 1718 881 1803 philosopho
900 1717 917 1779 d
938 1716 1079 1797 theologia
1095 1714 1255 1781 abstinendi
1274 1715 1399 1779 studioso

419 1845 528 1926 licebit,
549 1864 701 1914 recensere
722 1840 907 1928 aggredimur
929 1866 937 1909 ε
964 1846 1094 1928 hancque
1116 1844 1290 1929 precipuum
1312 1842 1400 1906 luisse

420 1993 535 2038 causam
551 1974 714 2053 fatebimur,
729 1982 761 2037 ut
774 1974 853 2055 Sept.
867 1973 1035 2036 Tertulliani
1058 1990 1164 2035 nomeu
1182 1972 1250 2035 bnic
1263 1971 1400 2054 opusculo

295 2156 299 2173 ,
346 2178 348 2183 Ι
421 2102 565 2179 daremus,
583 2102 660 2181 quod
671 2101 794 2162 bominis
809 2107 839 2163 et
851 2108 922 2163 mtas
934 2108 964 2163 et
975 2100 1089 2164 labores
1099 2102 1239 2182 optimum
1254 2098 1403 2165 tantimlli

421 2226 567 2310 specimen
583 2226 711 2307 prebere
723 2226 775 2289 visi
788 2232 866 2289 sunt.

461 2352 562 2415 Incidit
577 2352 653 2415 enim
666 2351 859 2417 Tertullianus
870 2353 900 2415 in
913 2355 1091 2418 vexatissimo
1105 2355 1167 2419 lere
1179 2355 1315 2419 Ecclesiae
1326 2363 1403 2418 mm-

421 2498 504 2563 pora,
517 2480 583 2543 edm
597 2499 690 2563 neque
702 2480 857 2565 quidquam
867 2482 979 2563 pristini
989 2483 1094 2546 luroris
1105 2484 1193 2563 leges,
1207 2484 1401 2565 magistratus,

422 2609 514 2691 plebs,
538 2626 638 2672 omnes
659 2610 780 2693 denique
800 2609 920 2691 professi
939 2610 1083 2673 chrisdani
1102 2610 1225 2673 nominis
1240 2610 1338 2674 hostes
1351 2629 1403 2694 per

422 2755 589 2821 processum
604 2738 740 2819 temporis
750 2738 944 2817 remisissent3
959 2756 1012 2800 nec
1022 2738 1153 2801 deessent
1166 2738 1291 2821 pericula
1300 2740 1403 2821 quibus

423 2866 526 2931 adulte
540 2866 693 2950 discipline
705 2867 820 2932 victoria
831 2868 976 2951 corrumpi
988 2866 1072 2931 solet.
1091 2866 1155 2931 Scio
1171 2867 1298 2949 integros
1310 2866 1404 2931 Chris-

423 2996 567 3061 tmnorum
580 2998 753 3063 illiusaetatis
764 3018 873 3078 mores,
882 2999 1110 3082 concordemque
1121 2999 1295 3082 antiquitatis
1305 2997 1402 3075 fidem,

423 3125 493 3186 laxis
506 3127 685 3205 sequentium
700 3136 859 3209 temporum
875 3130 1014 3206 moribus,
1028 3128 1205 3210 incestisque
1211 3130 1272 3210 jam
1283 3144 1404 3205 regnau-

423 3249 459 3310 tis
478 3248 613 3313 Ecclesiae
635 3251 782 3315 discordiis
797 3239 911 3316 summo
934 3273 1000 3317 cum
1014 3254 1155 3317 desiderio
1169 3254 1275 3337 opponi
1287 3252 1401 3316 solere:

424 3393 517 3457 neque
530 3394 583 3455 ego
598 3377 640 3439 vel
656 3376 803 3439 minimam
816 3378 907 3441 laudis
919 3387 1031 3462 partem
1043 3381 1165 3445 berolcis
1179 3383 1321 3463 majorum
1337 3398 1403 3444 nos·

425 3510 535 3567 trorum
563 3504 736 3586 temporibus
759 3505 909 3569 detrahere
930 3508 1026 3571 uelim.
1044 3508 1258 3589 Verumtamen,
1274 3507 1404 3572 animad-

424 3640 535 3696 vertere
548 3633 643 3712 liceat,
658 3634 754 3697 omnia
767 3636 892 3699 humana
906 3655 1053 3718 nunqnam
1062 3638 1179 3719 impune
1192 3638 1403 3700 inimmensum

424 3779 570 3841 crescere,
601 3768 688 3846 utque
714 3783 800 3827 unam
828 3772 878 3827 aul
901 3765 1018 3829 altemm
1047 3766 1187 3848 legionem
1215 3765 1323 3829 facilius
1349 3766 1403 3828 sub

459 3990 491 4055 lll
507 3993 545 4043 lle
558 3992 659 4044 lmttot.
679 3993 789 4057 cbristo,
803 3996 822 4046 l.
838 3995 857 4059 l,
873 4009 929 4061 cap.
945 3995 972 4047 2.
