3200 5067
333 487 381 550 tot
605 481 647 533 DE
664 481 695 543 Q.
715 481 741 532 S.
762 482 789 532 F.
808 479 1029 536 TERTULLthO
1085 502 1087 504 ·

332 614 437 660 venena
450 593 596 668 hauriunt,
610 593 754 674 quodque,
766 592 910 657 Christum
926 599 954 654 et
965 589 1150 669 Evangelium
1161 607 1222 672 praa
1231 591 1312 654 sele·

328 706 437 777 rentes,
446 695 590 777 Evangelii
601 702 629 757 et
642 694 745 758 Christi
759 704 860 778 parant
869 697 1055 760 eversionem.
1065 694 1128 757 Non
1139 697 1224 758 modd
1234 694 1311 759 enim

331 822 419 866 unum
439 809 488 865 aut
508 802 629 863 alterum
649 800 785 862 inducunt
806 818 934 863 errorem
950 801 1139 883 (quamquam
1153 798 1183 861 id
1198 818 1312 882 quoque

330 907 429 968 divinis
449 907 478 967 in
502 905 588 967 rebus
608 903 653 965 vix
674 911 735 965 erat
757 902 937 985 serendum);
961 902 1012 966 sed
1034 902 1146 978 animos
1168 905 1313 984 quoquea

329 1011 508 1094 simplicitate
518 1009 584 1073 srdei
597 1008 633 1071 ad
644 1009 781 1089 inficiatus,
791 1027 862 1090 quas
873 1008 1025 1090 Apostolus
1036 1013 1128 1085 vocat,
1139 1008 1310 1088 quaestiones,

331 1117 366 1178 ab
381 1116 547 1177 auctoritate
570 1113 606 1176 ad
627 1113 782 1190 licentiam,
798 1114 814 1173 a
836 1111 964 1192 parendo
981 1110 1019 1173 ad
1035 1110 1232 1172 rebellandum
1246 1129 1313 1191 pro-

330 1229 441 1284 vocant.
457 1221 526 1282 Tota
545 1221 612 1298 ergo
629 1219 669 1280 vis
683 1216 827 1296 religionis
842 1216 962 1294 tollitur,
977 1234 1041 1296 quae
1057 1215 1086 1275 in
1101 1233 1135 1276 eo
1156 1215 1209 1276 sita
1224 1221 1314 1278 estut

331 1328 477 1405 credatur,
499 1345 558 1388 non
585 1331 617 1385 ul
645 1320 1147 1406 disputetur30h1istianismumque
1172 1314 1312 1385 habemus

330 1437 414 1494 sectae
428 1430 575 1511 cujusdam
586 1427 790 1510 philosophicae
800 1427 936 1504 similem,
944 1425 990 1488 cui
1001 1443 1091 1506 usque
1101 1426 1171 1487 adeh
1182 1426 1313 1488 adhaere-

330 1535 407 1596 bitur
421 1533 511 1596 donec
525 1535 636 1595 eluceat
649 1531 755 1613 aliquid
767 1531 881 1593 melius.
899 1530 980 1609 Inde,
996 1548 1155 1610 numquam
1169 1530 1198 1590 in
1213 1530 1313 1592 haeresi

330 1639 551 1720 conquiescitur,
574 1645 661 1718 utque
683 1637 699 1696 a
720 1635 839 1698 Platone
858 1634 1039 1712 Aristoteles,
1058 1633 1097 1694 ita
1114 1633 1151 1695 ab
1172 1633 1315 1696 initiatore
1357 1650 1361 1657 ·

330 1743 373 1804 vel
395 1747 562 1823 corruptore
582 1759 634 1802 suo
656 1739 785 1822 plerique
804 1739 1005 1803 hereticorum
1024 1739 1172 1815 deficiunt,
1186 1758 1315 1822 novaque

330 1845 480 1907 instituunt
503 1843 707 1906 conventicula.
732 1841 813 1920 Inde,
829 1843 858 1904 in
879 1844 1024 1924 pulverem
1042 1851 1155 1906 secatur
1168 1843 1314 1921 integritas

330 1948 486 2027 Evangelii,
507 1946 764 2029 inconsutilemque
786 1944 889 2007 Christi
902 1953 1010 2010 vestem
1025 1947 1172 2011 carnifices
1189 1946 1315 2008 veritatis

332 2051 406 2112 inter
420 2069 451 2112 se
464 2050 602 2113 dividunt.

373 2155 463 2217 Nemo
491 2155 578 2233 igitur
601 2156 721 2217 miretur
743 2156 936 2219 vehementius
954 2157 984 2220 in
1006 2157 1156 2220 haereticos
1176 2158 1262 2238 quam
1283 2159 1313 2220 in

332 2265 542 2340 persecutores,
560 2259 748 2341 acerbiusque
770 2261 799 2320 in
822 2261 958 2324 doctrinae
976 2264 1062 2344 quam
1076 2263 1106 2327 in
1119 2281 1234 2324 morum
1248 2282 1314 2325 cor-

331 2370 484 2442 ruptores,
516 2362 640 2424 invectos
674 2362 760 2424 luisse
787 2363 910 2444 antiquae
936 2365 1070 2428 Ecclesiae
1096 2364 1207 2428 Patres.
1235 2365 1315 2428 Hanc

332 2467 437 2546 nempe
452 2473 655 2548 perspexerant
669 2486 731 2557 esse
745 2468 941 2546 gravissimam
956 2477 984 2532 et
999 2470 1080 2550 quasi
1093 2471 1238 2552 propriam
1258 2472 1315 2534 Ec·

334 2571 427 2633 clasiae
447 2579 568 2652 pestem.
584 2571 704 2634 Saeniani
717 2573 746 2633 in
759 2571 934 2636 Christianos
947 2575 1147 2653 magistratus:
1163 2583 1213 2636 aut
1225 2582 1315 2638 tonsae

333 2673 430 2740 arbori
451 2693 530 2737 novae
553 2674 627 2736 vires
648 2675 803 2754 addentur3
828 2687 878 2739 aut
899 2678 1013 2756 veritas,
1033 2679 1068 2741 ah
1089 2679 1182 2762 aliqua
1197 2679 1315 2758 regione

335 2779 457 2870 exclusa,
480 2779 557 2843 aliud
575 2780 628 2842 sihi
648 2781 823 2862 liberiusque
846 2785 969 2863 spatium
994 2785 1129 2848 inveniet.
1151 2787 1316 2865 langueant

334 2899 429 2943 mores
441 2902 450 2946 ι
464 2883 525 2964 ipsa
538 2883 604 2944 vero
617 2883 660 2944 lex
678 2891 787 2963 perstat
802 2905 953 2968 perquam
968 2889 1070 2951 delicta
1083 2896 1214 2952 vetantur
1226 2911 1233 2951 ε
1246 2909 1315 2971 pec-

333 2985 516 3068 cantiumque
529 2987 618 3048 oculis
639 2987 826 3051 obversantur
845 2990 921 3052 iaces
934 3011 1008 3072 quae,
1022 2999 1100 3054 recta
1114 2991 1230 3070 nesciri,
1245 2993 1314 3055 duim

334 3108 420 3171 prava
434 3090 635 3168 admittuntur,
654 3108 711 3152 uon
733 3092 869 3171 sinentes,
885 3102 935 3156 aut
952 3095 1108 3176 paenitendi
1121 3095 1316 3156 demonstrant

334 3195 420 3272 viam,
443 3205 491 3258 aut
512 3200 660 3256 venturam
681 3196 818 3259 ultionem
839 3198 1018 3261 denuntiant.
1043 3199 1081 3261 ht
1100 3199 1216 3262 haeresis
1239 3198 1316 3280 ipsos

335 3300 471 3363 doctrinae
490 3319 603 3377 nervos,
618 3307 728 3362 servato
743 3301 868 3363 veritatis
882 3303 1010 3380 nomine,
1030 3302 1196 3384 praecidens,
1210 3302 1315 3364 librum

335 3403 406 3478 legis
426 3403 543 3478 lacerat,
567 3411 616 3465 aut
628 3404 842 3484 interpretando
861 3408 1030 3489 corrumpit,
1046 3407 1228 3489 resipiscendi
1241 3425 1317 3487 prae-

337 3505 426 3568 cludit
443 3505 563 3583 aditum,
588 3507 746 3570 concordiae
769 3509 853 3570 solvit
872 3511 995 3588 vincula,
1011 3519 1057 3589 et,
1073 3512 1189 3576 inducta
1208 3510 1317 3592 quidvis

337 3610 478 3672 sentiendi
490 3610 630 3689 libertate,
644 3611 717 3672 viam
729 3600 820 3693 aperit
833 3613 868 3675 ad
882 3614 993 3694 quidvis
1007 3601 1273 3692 agendi'licentiam.

367 3713 508 3786 Quonam
517 3714 603 3793 igitur
616 3714 718 3776 veritas
737 3715 774 3778 ah
790 3716 930 3779 haereticis
944 3726 1041 3780 vexata
1055 3736 1087 3780 se
1098 3717 1207 3779 vertet?
1221 3715 1317 3778 Fides·

337 3835 385 3895 ue,
410 3817 520 3880 ratione
537 3827 659 3898 anneta,
677 3820 706 3880 in
723 3837 839 3883 arenam
854 3820 1027 3884 descendet?
1041 3819 1072 3882 ld
1086 3819 1201 3901 quidem
1216 3818 1317 3880 tentari

338 3927 442 4001 potest,
458 3929 486 3984 et
499 3922 629 4003 feliciter,
644 3927 738 3988 crima
752 3925 861 4003 multis,
875 3926 963 3987 tima
975 3925 1078 3988 Nostro
1091 3924 1226 3987 adversius
1240 3940 1319 4017 eom·

338 4025 435 4105 plures
449 4032 588 4089 tanatum
598 4035 652 4107 est,
667 4037 699 4091 ut
711 4031 845 4092 adversus
858 4028 1080 4120 hermogenem,
1097 4012 1319 4092 adversds'llar-

340 4127 462 4192 cionem.
487 4130 516 4194 Si
537 4133 618 4219 enim,
635 4133 758 4215 plurima
779 4141 847 4198 sunt
867 4152 942 4199 verae
962 4135 1150 4226 philosophia
1164 4151 1230 4197 cum
1252 4133 1318 4194 vera
