3200 5067
383 501 416 551 bb
660 496 701 546 bu
718 496 748 558 Q.
766 496 791 545 S.
811 495 840 545 F.
858 493 1076 547 Tbnwubtnno

382 629 444 673 non
455 607 665 690 superstitiosus
676 607 777 688 aliquis
794 607 961 685 monachus,
975 606 1023 669 ille
1036 624 1096 667 non
1110 607 1300 687 mysticorum
1311 609 1363 672 de·
1484 624 1496 641 ·

382 714 540 777 linamentis
554 711 676 789 deditus,
699 712 749 773 sed
770 713 874 773 mentis
896 730 956 773 suae
976 711 1005 771 in
1026 712 1159 774 omnibus
1178 732 1306 793 compos,
1328 716 1363 777 da

383 818 561 901 philosophia
575 817 636 879 baec
649 817 763 879 locutus
778 823 840 877 est:
862 835 878 877 ‹
893 814 996 877 Procul
1012 815 1130 892 clamas,
1143 819 1161 877 o
1175 817 1362 899 philosophia,

387 922 493 986 «mihi
519 922 627 984 ruane
652 901 887 1001 ancipitiqae'vit
910 919 940 979 in
963 919 1047 980 aas
1068 919 1275 981 inoedennum:
1289 922 1365 1001 quoa

386 1046 402 1088 c
424 1040 488 1089 esse
513 1042 625 1101 verum,
647 1023 768 1103 ipsemet
790 1027 943 1103 expertus,
967 1022 1069 1083 fateor.
1095 1020 1210 1083 Manum
1231 1023 1363 1103 porrigis,

387 1147 402 1191 ‹
424 1146 488 1209 quae
508 1127 603 1188 firmet
623 1124 781 1205 dirigatque
796 1142 921 1202 gressus.
936 1124 1003 1200 Sed,
1019 1126 1090 1186 ante
1107 1125 1214 1203 omnia,
1235 1127 1366 1205 explora-

387 1250 403 1292 (
425 1239 486 1292 tum
501 1247 563 1291 esse
576 1228 672 1305 velim,
688 1227 793 1288 satisne
809 1227 866 1289 fido
880 1246 927 1289 me
941 1227 1005 1289 duci
1019 1228 1140 1290 tradam.
1153 1227 1224 1301 Quae
1235 1230 1303 1320 ergo
1314 1229 1365 1290 tibi

387 1333 527 1397 «fiducia
548 1332 699 1407 habeatur,
723 1330 820 1392 infelix
844 1330 1041 1411 philosophia?
1068 1332 1151 1410 eujus
1170 1332 1365 1394 scholaevanis

386 1457 402 1499 c
423 1438 533 1499 tantiam
552 1454 605 1498 neo
617 1435 754 1517 umqutm
770 1434 956 1497 terminandis
972 1432 1200 1495 contentionibus
1212 1441 1362 1515 strepunt:

311 1563 314 1577 *
387 1560 402 1600 c
424 1541 454 1602 in
475 1538 576 1621 quibus
595 1538 683 1599 multa
704 1544 865 1614 moventur,
889 1537 980 1600 multa
1002 1537 1196 1616 ambiguntur,
1214 1539 1284 1600 nihil
1299 1557 1365 1599 um-

386 1662 402 1705 «
425 1645 511 1722 quam
529 1641 687 1721 expeditur.
707 1639 781 1701 lllud
796 1649 893 1703 autem
909 1641 1204 1718 animadvertendum,
1220 1642 1307 1721 quod,
1330 1660 1364 1703 er

366 1756 404 1808 'a
426 1764 482 1826 quo
505 1746 636 1809 homines
668 1745 863 1826 philosophari
885 1747 1010 1825 aggressi
1031 1752 1113 1824 sunt,
1139 1764 1230 1807 unum
1251 1764 1365 1809 summo

388 1870 403 1910 c
425 1849 518 1912 studio
531 1849 681 1930 quesitum
702 1855 755 1926 est,
776 1866 906 1929 quaenam
927 1849 984 1910 sint
1001 1849 1143 1930 praecipua
1161 1850 1295 1910 humanae
1310 1867 1366 1909 na-

388 1974 404 2017 «
427 1961 498 2017 tura
511 1954 614 2031 ostiola,
631 1953 694 2033 quis
710 1954 845 2016 humanm
856 1952 921 2015 vitae
930 1954 1014 2014 linis:
1027 1954 1057 2013 in
1070 1971 1138 2032 quo,
1149 1952 1173 2013 si
1185 1953 1254 2032 quid
1260 1953 1296 2015 ab
1305 1952 1366 2014 aliis

388 2076 404 2119 ι
426 2074 478 2138 pro
493 2064 570 2118 certo
585 2055 708 2137 positum
723 2063 777 2133 est,
793 2055 829 2116 ab
850 2054 913 2117 aliis
931 2056 1006 2117 idem
1029 2063 1062 2116 ut
1081 2056 1184 2117 falsum
1198 2056 1279 2136 rejici
1291 2055 1367 2116 nide-

389 2180 405 2221 ι
427 2178 502 2221 mus.
520 2160 553 2221 ln
567 2160 620 2220 bae
633 2157 799 2237 opinionum
812 2158 959 2236 varietate,
974 2159 1124 2221 inducatur
1138 2159 1208 2220 mibi
1221 2159 1252 2219 in
1261 2165 1366 2222 coetum

390 2284 405 2324 ‹
427 2260 686 2343 philosophantium
706 2260 806 2336 homo,
828 2261 896 2341 quid
917 2263 971 2324 sihi
988 2281 1040 2342 per
1060 2263 1147 2323 mtam
1167 2244 1309 2340 agendum
1326 2261 1369 2323 sit

390 2384 405 2426 u
428 2365 601 2445 ambigens:
624 2364 758 2427 eumdem
783 2365 930 2426 inlocum
953 2364 1112 2443 colligatur,
1133 2364 1159 2425 si
1176 2363 1238 2426 lieri
1263 2363 1364 2445 possit,

390 2486 406 2527 s
427 2466 564 2547 quidquid
577 2468 712 2546 umquam
726 2466 876 2528 hominum
889 2468 964 2529 lama
979 2467 1125 2549 sapientiae
1142 2468 1284 2529 clarorum
1298 2466 1368 2528 exti-

391 2590 406 2630 ‹
427 2571 476 2631 tit:
493 2570 591 2651 ecquis
605 2570 658 2631 erit
672 2570 782 2631 misello
795 2571 1002 2635 dubitationum
1016 2573 1092 2649 finis,
1107 2571 1263 2652 expectanti
1275 2570 1369 2633 donec

389 2694 405 2737 t
428 2675 504 2737 inter
521 2692 620 2736 omnes
640 2673 677 2735 de
691 2674 786 2755 aliquo
800 2678 969 2740 conveniat‘.l
979 2679 1058 2762 >Ante
1071 2677 1162 2755 frigus
1181 2684 1210 2739 et
1226 2676 1304 2740 calor
1317 2694 1368 2738 re-

391 2798 406 2840 «
430 2785 503 2841 teres
521 2779 663 2858 deponent
681 2778 852 2856 inimicitias,
870 2783 956 2860 quam
977 2782 1137 2862 philosophi
1150 2782 1185 2843 de
1199 2781 1367 2862 placitorum

391 2901 407 2942 s
428 2900 546 2943 suorum
559 2881 677 2942 veritate
689 2880 763 2943 inter
776 2900 809 2943 se
824 2884 1011 2946 consentiant.
1028 2885 1111 2946 Absit
1125 2887 1193 2963 ergo
1209 2892 1242 2946 ut
1254 2901 1301 2945 me
1314 2882 1375 2944 solt

391 3004 406 3044 ι
428 2984 561 3047 humanae
579 2982 682 3045 rationi
700 2983 887 3063 committam,
907 3004 972 3067 quae
992 2988 1063 3049 adeo
1077 2987 1154 3049 varia
1174 2995 1229 3065 est,
1244 2994 1274 3048 et
1286 2983 1369 3066 qnasi

389 3106 414 3149 c
428 3088 564 3164 titubans,
580 3096 613 3149 ut
628 3106 712 3149 nemo
727 3087 788 3149 sine
802 3088 960 3151 manifesto·
966 3090 1092 3170 periculo
1108 3108 1139 3151 se
1153 3097 1244 3151 totum
1257 3088 1298 3149 illi
1312 3096 1369 3150 tra·

390 3210 406 3251 «
429 3190 497 3251 dere
511 3190 611 3269 possit.
623 3188 681 3251 Nec
695 3189 775 3266 mibi,
791 3190 865 3251 inho
878 3210 937 3268 me,
952 3193 1142 3273 procellosum
1157 3192 1229 3253 illud
1241 3198 1369 3253 vastum-

391 3310 407 3351 «
428 3308 484 3369 que
497 3292 689 3352 humanarum
710 3292 853 3353 rationum
872 3313 972 3375 equor
988 3296 1125 3373 intuenti,
1145 3296 1222 3357 ullus
1236 3297 1294 3358 tam
1308 3296 1370 3375 pla-

391 3391 508 3453 ccidus
531 3400 647 3473 apparet
669 3394 784 3471 fluctus,
805 3396 912 3477 ullique
934 3401 992 3461 tam
1023 3399 1125 3460 semoti
1145 3417 1293 3476 recessus,
1319 3399 1367 3479 qui

391 3513 407 3556 s
429 3512 487 3555 non
501 3494 604 3555 illustri
618 3495 712 3575 aliquo
729 3498 876 3578 naufragio
890 3502 1064 3564 infamentur
1076 3504 1136 3583 (l).
1150 3522 1168 3564 n
1184 3502 1272 3578 Anas,
1290 3500 1367 3563 idem

387 3599 571 3681 philosophos
587 3600 777 3681 compellans:
798 3622 815 3664 c
835 3603 898 3667 Huc
914 3605 999 3683 ades,
1016 3626 1033 3667 a
1054 3605 1157 3686 inqrrit,
1172 3624 1188 3666 s
1203 3605 1252 3688 qui
1265 3600 1368 3666 arcana

389 3723 405 3765 c
428 3702 479 3765 Dei
502 3706 623 3768 serutari
645 3706 749 3784 audes;
777 3715 887 3772 naturae
909 3719 1019 3772 secreta
1041 3712 1138 3773 coram
1168 3710 1284 3785 evolve,
1310 3708 1368 3770 sive

390 3831 405 3862 s
427 3809 566 3887 proxima,
582 3811 640 3873 sive
654 3812 740 3890 longo
754 3812 902 3875 intervallo
919 3820 1029 3876 semota
1047 3814 1141 3891 malis,
1157 3813 1215 3875 sire
1233 3830 1297 3892 quae
1312 3811 1367 3874 sub

390 3931 405 3971 c
428 3912 547 3993 pedibus
565 3915 673 3999 jacent,
696 3916 839 3999 sineque
857 3919 996 4000 capitibus
1019 3919 1179 3983 imminent.
1193 3917 1273 3981 Itane
1294 3916 1368 3980 ratio

422 4140 458 4205 tt)
472 4141 555 4205 Boss,
571 4143 651 4196 Serm.
667 4144 700 4194 de
713 4144 770 4209 lege
783 4146 837 4197 Det
946 4119 956 4135 ⁰
