3200 5067
363 449 397 497 aa
647 442 687 492 DE
706 444 734 504 Q.
753 442 780 494 S.
799 439 828 492 F.
846 438 1066 492 cendebuldo
1110 482 1112 485 .

367 579 382 619 o
404 558 465 620 rius
480 557 534 618 erit
547 556 640 635 passio
651 563 680 617 et
692 573 806 631 sensus,
816 561 845 616 et
853 572 939 635 sapor
952 553 1058 629 omnis,
1069 559 1097 614 et
1107 558 1187 614 actus
1195 559 1225 614 et
1234 559 1345 624 motos:

367 681 382 722 a
404 661 522 723 alterius
535 666 632 720 autem
642 657 745 736 otium,
756 665 785 720 et
794 658 886 739 quies,
895 666 925 720 et
934 665 1046 738 stupor,
1054 664 1083 718 et
1091 657 1169 718 nulla
1174 656 1236 738 iam
1246 674 1346 734 causa3

365 785 380 826 v
403 771 433 827 et
454 769 503 826 aut
523 763 635 825 animus
649 763 758 825 vacabit
772 770 823 824 aut
836 763 969 836 anima...·
985 762 1043 824 Nos
1056 769 1153 824 autem
1168 762 1296 824 animum
1310 763 1350 823 ital

364 889 379 929 v
402 869 522 930 dicimus
539 869 642 930 animae
655 875 833 944 concretum,
849 886 907 929 non
922 876 954 929 ut
967 867 1125 930 substantia
1140 867 1241 944 aliurn,
1255 867 1307 928 sed
1319 874 1351 929 ut

365 993 380 1032 e
402 972 566 1035 substantiae
581 971 718 1032 officium.
731 957 794 1030 'Nec
808 969 888 1030 illum
904 970 981 1031 aliud
992 970 1177 1049 intelligimus
1188 973 1350 1050 quamsug-

365 1096 381 1136 r
403 1082 515 1154 gestum
529 1073 632 1136 animae
640 1073 811 1151 ingenitum,
823 1081 851 1135 et
861 1075 992 1154 insitum,
1004 1074 1179 1138 etnativitr'vs
1189 1075 1349 1156 proprium,

368 1201 383 1242 a
406 1199 462 1262 quo
478 1180 546 1258 agit,
563 1197 619 1259 quo
635 1179 718 1258 sapit,
740 1197 826 1258 quem
843 1197 942 1242 secum
954 1179 1063 1242 habens
1081 1197 1115 1240 ex
1133 1179 1303 1258 semetipsa,
1318 1197 1350 1240 se

366 1304 381 1345 e
404 1289 581 1346 commoveat
602 1281 631 1366 in
647 1280 812 1362 semetipsa,
831 1288 917 1363 atque
932 1282 971 1349 ita
984 1284 1091 1345 moveri
1111 1282 1239 1344 videatur
1250 1281 1288 1343 ab
1301 1281 1350 1343 illo

365 1410 381 1451 r
403 1395 538 1470 tanquam
554 1385 712 1450 substantia
730 1386 785 1448 alia
801 1386 862 1465 (1).
879 1407 894 1446 a

398 1492 448 1574 llil
461 1491 505 1553 his
520 1491 550 1552 in
564 1489 657 1551 verbis
672 1489 758 1551 etiam
771 1489 917 1552 hodiernae
930 1489 1140 1571 scrupulositati
1153 1507 1211 1551 non
1226 1484 1351 1570 proban-
1365 1519 1370 1524 ·

320 1669 325 1678 ι
365 1596 445 1657 dum.
467 1595 559 1675 AEqud
578 1593 609 1654 in
631 1592 687 1653 illis
705 1611 769 1672 quaa
791 1599 951 1674 sequuntur
968 1593 1095 1655 medium
1112 1600 1189 1654 tenet
1207 1593 1264 1655 iter
1276 1593 1351 1656 iuter

367 1717 418 1762 eos
432 1700 483 1780 qui
497 1715 612 1760 sensum
626 1697 661 1758 ab
676 1696 833 1774 intellectu,
847 1706 880 1756 ut
891 1696 1079 1759 substantiam
1094 1696 1288 1777 bsubstantia,
1304 1700 1350 1761 se-

368 1811 480 1889 parant,
495 1810 524 1865 et
543 1800 670 1882 eosqui,
686 1799 798 1863 sublato
818 1800 968 1880 utriusque
987 1801 1166 1879 discrimine,
1188 1807 1275 1864 totam
1296 1803 1351 1863 bu-

367 1910 445 1972 mani
454 1907 541 1970 animi
555 1906 684 1968 notitiam
699 1904 868 1986 corporibus
881 1904 1055 1967 terminant:
1077 1905 1150 1966 «bd
1163 1904 1349 1966 differentiam

371 2033 386 2074 o
409 2011 583 2076 sensualium
597 2019 627 2072 et
640 2009 885 2084 intellectualium,
901 2022 960 2072 non
973 2009 1050 2071 aliud
1063 2009 1250 2086 admittimuS,
1264 2011 1350 2090 quam

372 2137 387 2178 c
408 2133 506 2178 rernm
516 2115 691 2178 diversitates
704 2116 916 2196 :corporalium
929 2124 958 2178 et
968 2116 1147 2197 spiritalium,
1160 2115 1310 2178 visibilium
1321 2122 1351 2177 et

372 2221 603 2298 «invisibilium,
619 2219 827 2301 publicatarum
844 2230 873 2284 et
886 2239 1066 2297 arcanarum,
1081 2221 1157 2301 quod
1172 2221 1228 2284 illae
1240 2221 1348 2299 sensui,

370 2347 385 2386 e
407 2327 469 2388 istae
482 2325 637 2387 intellectui
651 2323 865 2402 adtribuantur3
876 2326 951 2406 apud
961 2325 1087 2387 animam
1097 2332 1192 2386 tamen
1206 2331 1235 2386 et
1244 2324 1310 2386 istis
1322 2331 1352 2386 et

370 2451 386 2491 r
407 2431 462 2492 illis
477 2430 615 2510 obsequio
627 2429 784 2510 deputatis,
801 2449 865 2510 quse
878 2430 995 2512 perinde
1009 2448 1061 2513 per
1076 2447 1181 2511 corpus
1194 2428 1351 2509 corporalia

370 2555 385 2596 «
408 2535 522 2611 sentiat,
541 2534 783 2614 quemadmodum
799 2553 851 2614 per
864 2535 991 2596 animum
1005 2534 1192 2615 incorporalia
1201 2533 1351 2612 intelligat,

371 2657 386 2698 o
408 2637 480 2700 solvo
494 2657 523 2698 eo
535 2647 564 2698 ut
578 2637 661 2698 etiam
674 2638 774 2698 sentiat
785 2637 993 2716 domtintelligit
1009 2639 1070 2718 (2).
1086 2659 1101 2699 a
1117 2637 1173 2700 Nec
1181 2637 1252 2700 illud
1264 2637 1351 2699 etiam

369 2742 500 2804 ultimum
513 2741 760 2824 reprehenderim,
771 2743 794 2804 si
805 2743 960 2805 secundvim
973 2743 1099 2804 veritatis
1107 2761 1237 2804 normam
1247 2741 1351 2804 verbo-

372 2864 436 2909 rum
448 2848 628 2929 interpretari
637 2846 873 2927 significationem
885 2845 967 2908 liceat
977 2865 985 2922 ;
995 2864 1031 2907 ea
1044 2852 1087 2907 est
1098 2846 1174 2906 enim
1185 2845 1287 2907 mentis
1295 2846 1351 2906 bu-

369 2970 461 3018 manae
469 2953 603 3030 conditio,
618 2961 649 3014 ut
658 2953 688 3014 in
696 2952 846 3015 veritatum
860 2951 903 3012 vel
913 2951 1036 3012 maxime
1045 2950 1266 3031 incorporalium
1281 2967 1351 3012 con·

370 3056 552 3136 templatione
572 3056 665 3136 aliqua
678 3065 795 3137 'semper
809 3054 883 3116 adsit
894 3054 1034 3119 sensibilis
1050 3054 1170 3136 species,
1185 3053 1227 3115 lta
1240 3053 1353 3116 matbe-

370 3157 485 3234 matico,
501 3157 599 3220 circuli
613 3164 662 3218 aut
676 3157 809 3236 trianguli
823 3158 1012 3239 proprietates
1025 3158 1135 3221 ratione
1148 3156 1351 3219 non-sensibus

370 3262 539 3340 exquirenti,
558 3277 673 3324 necesse
687 3270 730 3324 est
743 3271 792 3326 aut
806 3249 896 3327 oculis
910 3264 1086 3342 obversetur,
1108 3270 1159 3325 aut
1178 3263 1209 3324 in
1229 3271 1351 3343 φαντασίᾳ

369 3371 591 3442 repraesentetur
605 3366 735 3446 quaedam
757 3368 848 3445 figura
870 3367 1034 3449 imperfecte
1055 3367 1206 3442 delineata,
1221 3367 1287 3428 cdrn
1305 3373 1351 3427 ta-

371 3483 438 3527 men
452 3465 527 3529 acies
539 3470 785 3550 contemplationis
799 3462 858 3532 non
867 3471 896 3531 in
908 3488 972 3532 eam
985 3470 1123 3548 dirigatur
1136 3487 1200 3550 quae
1210 3475 1240 3530 et
1252 3468 1351 3535 indivi-

371 3569 426 3632 dua
438 3578 491 3648 est,
504 3578 533 3634 et
540 3573 630 3650 rudis,
642 3582 671 3636 et
679 3592 828 3655 corporea,
842 3575 930 3636 sedin
940 3568 1106 3655 perlectam,
1121 3579 1308 3650 claternam,
1321 3579 1351 3633 et

371 3672 579 3756 incorpoream,
595 3684 624 3738 et
638 3677 771 3740 omnihus
785 3680 914 3759 ejusdem
930 3678 1058 3742 vocabuli
1074 3679 1174 3757 liguris
1186 3693 1351 3756 congruen-

248 3857 251 3864 ,
372 3784 428 3838 tem
443 3781 519 3840 ἰδέαν.
535 3779 588 3859 lta,
605 3799 778 3863 quamquam
799 3783 868 3846 illud
884 3783 958 3845 forte
977 3787 1116 3864 παράδαξαα
1127 3781 1279 3857 videatur,
1290 3797 1350 3869 vnec

404 4000 440 4064 (l)
455 4003 490 4052 [le
504 4003 562 4064 An„
578 4006 589 4065 5
605 4004 645 4056 te.

403 4092 437 4155 (b)
456 4095 495 4143 Id.
510 4097 547 4144 lb.
