3200 5067
394 413 439 464 rm
670 409 710 460 nn
727 411 757 473 c.
777 412 802 462 s.
823 410 851 460 r.
870 385 1092 463 runnuccmnu

393 545 407 586 a
430 543 527 602 sensu,
542 531 570 586 et
591 530 717 602 auclore,
743 531 770 586 et
791 525 940 606 principali
960 526 1155 604 fundamento,
1172 544 1225 589 nec
1244 529 1310 605 siue
1323 527 1375 593 illc
1444 519 1448 526 ’

392 651 407 692 c
430 633 561 694 veritates
581 649 664 712 posse
678 629 802 708 contingi
817 649 824 689 :
840 629 985 711 quomudb
998 633 1068 709 ergb
1087 631 1181 712 potior
1195 632 1250 694 erit
1268 652 1303 696 eo
1321 654 1375 716 per

391 753 513 817 cquem
528 742 583 812 est,
595 753 651 816 quc
666 740 740 812 eget,
751 735 796 796 cui
810 735 897 798 debet
910 743 1001 798 tutum
1014 738 1091 818 quod
1105 738 1238 816 attingit?
1252 716 1373 802 Itd'ccn·

390 857 406 900 c
428 838 569 915 cluditur,
595 856 652 899 ncn
673 837 881 918 praeferendum
894 839 991 901 sensui
1004 839 1199 903 intellectum:
1217 861 1372 924 perquem

389 961 404 1001 a
428 942 504 1004 enim
524 941 592 1022 quid
613 949 735 1020 cunstat,
756 941 875 1004 iniurius
893 943 957 1024 ipsc
972 950 1016 1006 est
1035 944 1096 1024 (l).
1112 965 1129 1007 r
1144 946 1251 1008 Verum
1265 947 1373 1009 utilitas
1445 996 1448 998 v

384 1047 442 1122 hic,
462 1063 520 1107 nun
540 1043 672 1105 nobilitas
691 1062 829 1106 sensuum
843 1046 1018 1122 ostenditur;
1035 1065 1099 1126 quae
1112 1046 1169 1109 duc
1182 1067 1242 1110 nun
1255 1067 1372 1131 semper

385 1150 461 1212 inter
481 1169 512 1211 se
532 1149 713 1211 conveniunt.
730 1149 931 1232 Multiplicibus
944 1151 1022 1212 enim
1039 1151 1068 1212 in
1086 1150 1184 1229 rebus,
1198 1153 1295 1214 omnia
1311 1154 1372 1216 fere

308 1275 309 1280 ¹
385 1252 599 1324 omnibus-sunt
615 1253 787 1330 necessaria,
809 1273 903 1335 neque
920 1262 1016 1316 tamen
1038 1253 1167 1315 emnium
1183 1272 1239 1315 nna
1255 1255 1368 1318 eadem·

384 1377 440 1438 quc
454 1358 585 1437 dignitas.
601 1358 644 1420 Nil
660 1359 816 1440 imperatur
827 1357 889 1418 sine
905 1355 1005 1431 milite,
1021 1355 1060 1416 nil
1075 1355 1157 1417 miles
1169 1357 1232 1418 sine
1245 1357 1368 1438 impera·

381 1469 451 1536 ture¹
464 1462 578 1522 velem:
603 1480 696 1543 neque
711 1469 807 1523 tamen
822 1461 979 1541 imperatur
992 1458 1075 1520 militi
1088 1477 1145 1520 nun
1161 1461 1367 1541 preferendus.

421 1565 607 1627 Adscribatur
620 1567 689 1643 ergb
705 1564 809 1645 duplex
823 1562 961 1644 Septimio
981 1580 1074 1639 error,
1095 1564 1172 1642 qubd
1189 1582 1284 1644 neque
1301 1584 1370 1628 sen-

381 1687 444 1730 sum
461 1669 496 1730 ab
510 1668 655 1730 intellectu
678 1667 746 1728 satis
767 1666 946 1743 discreverit,
961 1683 1054 1744 neque
1077 1666 1163 1746 hujus
1177 1666 1368 1748 principatum

378 1773 447 1836 satis
470 1772 626 1850 agnouerit.
649 1770 757 1832 Prioris
778 1767 887 1850 peccati
905 1785 1022 1828 causam
1044 1769 1130 1848 supra
1151 1770 1322 1848 notavimus,
1337 1772 1367 1832 in

376 1877 455 1956 quud
480 1877 578 1940 incidit
601 1876 669 1938 dun
695 1875 744 1936 ab'
757 1872 919 1935 Aristotelis
943 1871 1039 1934 animo
1062 1878 1195 1952 separatu
1217 1873 1365 1938 abhorret.

377 1980 460 2054 Quod
477 1981 513 2042 ad
526 1980 667 2061 posterius
688 1985 809 2060 spectat,
825 1994 883 2039 nun
897 1975 1021 2038 arbitror
1039 1975 1207 2057 Septimium
1222 1997 1324 2041 sensus
1336 1983 1366 2041 in

374 2085 405 2146 id
419 2085 561 2163 fastigium
571 2090 742 2146 ¹evecturum
757 2081 855 2158 luisse,
868 2080 898 2145 ui
911 2097 1025 2142 causam
1039 2079 1155 2142 illorum
1167 2080 1222 2142 sibi
1231 2081 1367 2144 adversus

320 2187 322 2190 ’
378 2198 467 2252 tutam
491 2189 685 2263 Academiam,
709 2183 917 2265 suscipiendam
940 2201 1002 2244 esse
1021 2182 1146 2260 vidisset,
1168 2202 1243 2264 quae,
1265 2187 1366 2248 dcen-

228 2371 231 2378 ,
278 2367 279 2372 ¹
376 2301 488 2373 templu
522 2291 669 2354 sensilium
694 2290 730 2352 ad
759 2288 986 2352 incredulitatem
1022 2287 1104 2348 lacild
1130 2287 1263 2370 delapsa,
1298 2291 1364 2353 ndei

378 2405 484 2462 nostrae
505 2397 687 2458 fundamenta
709 2393 869 2456 labefactat.
893 2391 973 2454 Hanc
992 2393 1062 2470 ergd
1083 2391 1120 2453 de
1140 2399 1183 2455 tut
1196 2394 1363 2463 adversariis

378 2501 483 2578 seligit,
499 2500 545 2562 cui
560 2489 737 2580 pdtissimbm
754 2496 974 2575 congrediatur:
998 2514 1014 2554 c
1028 2493 1103 2568 Quid
1122 2495 1194 2573 agis,
1209 2495 1364 2560 Academia

380 2621 395 2662 r
417 2601 638 2682 procacissima?
652 2607 743 2662 tutum
759 2601 824 2663 ritae
836 2606 944 2662 statum
958 2597 1072 2675 evertis,
1092 2597 1182 2678 ipsius
1201 2597 1251 2660 Dei
1266 2601 1362 2680 prori-

377 2725 392 2766 ‹
415 2704 540 2784 dentiam
564 2723 699 2781 excaecaS,
723 2704 771 2785 qui
789 2703 899 2766 cunctis
922 2702 1064 2784 operibus·
1079 2703 1137 2765 suis
1160 2703 1361 2783 intelligendis,¹

377 2811 582 2888 «incolendis,
600 2809 813 2892 dispensandis,
828 2807 1022 2888 fruendisque,
1039 2807 1155 2870 fallaces
1168 2816 1199 2871 ct
1210 2809 1362 2872 mendaces

376 2936 391 2977 c
414 2915 545 2979 dominos
564 2915 721 2996 prpelecerit
740 2932 881 2976 sensus...
896 2912 959 2974 Nun
974 2912 1050 2988 licet,
1064 2931 1121 2975 non
1138 2912 1204 2975 licet
1216 2913 1298 2975 nobis
1312 2931 1361 2977 eos

375 3038 392 3079 a
411 3019 440 3080 in
455 3019 573 3081 dubium
584 3019 732 3095 devocare,
748 3005 784 3079 ne
797 3022 826 3078 et
839 3015 868 3076 in
883 3015 995 3077 Christo
1008 3014 1110 3076 deddc
1123 3015 1238 3077 illurum
1251 3014 1360 3088 delibe-

378 3141 393 3182 α
415 3129 533 3184 τθωτι..
549 3121 655 3184 Fidelis
669 3120 722 3182 fun
736 3126 765 3180 et
785 3118 862 3179 uisus
882 3125 911 3180 et
924 3118 1036 3183 auditus
1049 3119 1080 3179 in
1093 3127 1207 3180 munte:
1225 3118 1317 3180 fidelis
1331 3126 1360 3180 et

377 3245 392 3286 c
415 3233 515 3304 gustus
529 3225 586 3286 vini
598 3224 685 3301 illius,
701 3223 766 3285 licet
778 3241 861 3303 aquae
871 3223 949 3299 ante,
963 3223 993 3283 in
1007 3222 1112 3304 nuptiis
1129 3222 1270 3284 Galilaeae:
1287 3222 1359 3284 fide-

377 3347 393 3388 u
415 3327 450 3388 lis
471 3333 500 3388 et
514 3333 624 3402 tactus,
636 3325 750 3387 exinde
773 3324 881 3387 creduli
897 3324 1015 3389 Thomae
1033 3327 1127 3405 (2).›
1151 3316 1280 3407 lienique
1292 3327 1358 3388 cdm

375 3429 551 3512 apostoliea
572 3448 602 3490 se
625 3429 781 3510 predicare
804 3430 974 3511 profitentur
997 3431 1192 3511 cquaeoculis
1209 3430 1270 3493 suis
1283 3430 1360 3501 ride

377 3555 392 3596 r
413 3542 492 3613 runt,
518 3542 547 3596 et
571 3533 709 3596 manibus
729 3533 787 3594 suis
812 3540 1058 3596 contrectaverunt
1083 3535 1119 3597 de
1137 3534 1224 3597 uerbo
1247 3534 1356 3611 vitm»

374 3641 451 3701 certe
464 3637 540 3717 fidis,
557 3656 615 3700 nou
636 3637 821 3700 mendacibus
835 3637 901 3700 illus
915 3638 956 3700 uti
972 3637 1094 3700 testibus
1113 3639 1286 3701 credendum
1301 3647 1361 3718 cst.¹

373 3741 414 3802 Ea
435 3742 488 3803 luit
508 3741 644 3822 Septimio
668 3757 753 3802 cansa
773 3748 807 3801 ut
827 3741 856 3800 in
878 3757 992 3802 errores
1010 3740 1095 3818 vulgd
1110 3740 1242 3804 sensibus
1256 3739 1357 3802 referri

408 3971 440 4033 (l)
456 3970 492 4018 lle
506 3970 564 4034 Am,
581 3969 592 4030 ᾖ
611 3969 651 4018 lu.

405 4060 442 4125 lb]
455 4059 531 4123 1u.,§
542 4059 583 4109 lt.
