3200 5067
525 475 708 528 oruscuuuu
726 440 986 533 aurcosoanrccu.
1196 476 1244 527 ror

266 593 423 654 uincantur.
438 589 518 652 Hanc
531 589 685 670 legitimam
700 587 944 671 principalemque
957 588 1088 670 perpetui
1102 605 1167 650 mam
1185 589 1246 652 dis-

266 694 450 760 sentientibus
467 693 629 758 certamiuis
648 681 770 756 termam
791 693 943 774 Septimius
965 693 1102 772 instituit,
1124 694 1246 775 optimas

264 817 413 880 opponens
427 815 564 859 nouarum
582 815 681 860 rerum
701 797 865 859 auctoribus
884 797 1082 878 exceptiones:
1099 815 1171 878 quas
1183 799 1245 878 jain

266 903 431 964 referemus.
766 947 769 952 ,

305 1003 333 1066 Si
347 1001 418 1066 fides
434 1001 593 1080 exauditu,
609 1004 638 1065 id
655 1010 699 1065 est
712 1021 746 1065 en
760 1003 944 1081 auctoritate,
963 1022 1028 1066 nou
1040 1021 1073 1066 ea
1093 1005 1247 1087 inuestiga-

268 1105 513 1188 tione‚‚proeedit,
536 1106 562 1168 si
584 1107 677 1168 dimna
700 1105 805 1170 verius
830 1107 965 1183 docetur,
988 1124 1047 1168 non
1070 1110 1247 1187 argumentis

266 1211 477 1294 comprobatur,
493 1211 518 1274 si
531 1212 655 1293 aliquem
673 1211 794 1272 existere
808 1228 926 1273 necesse
944 1218 989 1273 ast
1008 1210 1094 1274 diuini
1108 1214 1248 1276 sermonis

245 1316 466 1398 ·interpretem,
481 1318 498 1378 a
511 1334 568 1397 quo
594 1316 630 1378 ad
652 1315 795 1378 neminem
818 1331 974 1396 prouocare
993 1314 1088 1394 liceat,
1109 1315 1148 1378 nil
1169 1316 1248 1398 priris

267 1420 421 1483 curandum
436 1429 480 1482 est
492 1422 578 1502 quam
593 1427 624 1482 ut
641 1418 763 1482 sciamus
777 1419 927 1498 cujusnam
943 1416 1097 1507 Scripturas
1110 1418 1166 1481 sint
1179 1439 1247 1502 pos-

267 1523 366 1602 sessio,
381 1523 494 1586 cuinam
506 1525 622 1601 docere,
640 1523 754 1586 cuinam
768 1521 951 1602 interpretari
965 1527 1118 1602 competat.
1137 1521 1196 1586 Nec
1210 1524 1247 1586 il-

266 1626 315 1688 lud
335 1627 407 1690 seire
427 1626 543 1688 difficile
561 1634 615 1705 est,
635 1626 720 1687 modo
737 1623 897 1694 reueritin
919 1632 1044 1688 mentem
1063 1629 1119 1709 qud
1136 1628 1247 1690 ratione

266 1729 426 1809 evangelica
439 1729 566 1794 doctrina
577 1749 607 1792 se
619 1729 767 1812 paulatim,
784 1731 801 1791 d
816 1729 929 1793 Christo
953 1731 1092 1812 prolecta,
1106 1750 1247 1814 propagu-

266 1835 347 1912 uerit,
366 1842 394 1897 et
407 1836 435 1897 in
449 1853 550 1912 novas,
563 1835 671 1897 uostris
685 1834 771 1896 etiam
783 1833 971 1916 temporibus,
986 1842 1082 1916 serpat
1096 1837 1244 1915 regiones:

269 1960 283 1999 a
305 1939 446 2008 christus.
461 1937 599 2004 Dominus
620 1946 729 2017 noster,
746 1938 815 2019 quid
835 1945 920 2014 esset,
939 1937 1009 2020 quid
1028 1938 1138 2015 suisset,
1160 1957 1246 2020 quam

269 2062 283 2102 a
306 2043 577 2124 patrisuoluutatem
591 2041 817 2120 administraret,
832 2039 901 2122 quid
915 2039 1023 2102 homini
1039 2040 1181 2119 agendum
1195 2042 1248 2105 de-

268 2167 283 2206 «
306 2146 481 2224 terminaret,
501 2147 638 2229 quamdiu
659 2147 790 2210 interris
809 2145 927 2226 agebat,
947 2148 1009 2228 ipse
1029 2147 1246 2228 pronunciabat,

268 2271 281 2310 a
305 2251 364 2313 sive
380 2251 486 2332 populo
501 2252 607 2333 palam,
624 2252 681 2314 sive
699 2251 874 2315 discentibus
892 2253 1022 2314 seorsum
1034 2271 1085 2330 3...
1095 2269 1131 2314 er
1144 2252 1248 2334 quibus

268 2376 282 2415 a
306 2357 453 2420 duodecim
473 2358 616 2439 praecipui
633 2358 788 2421 lateri-suo
809 2357 1004 2436 adlegerat...
1021 2375 1094 2438 quos
1106 2358 1248 2438 jussitire

269 2481 284 2521 a
306 2467 334 2524 et
347 2462 451 2524 docere
467 2463 608 2527 nadeues.
629 2464 730 2527 Statim
751 2464 838 2543 igitur
859 2462 992 2546 apostoli,
1014 2463 1107 2544 primo
1126 2483 1179 2545 par
1194 2463 1247 2528 lu-

270 2586 284 2626 a
305 2567 395 2629 daenm
419 2571 574 2630 conmenta
595 2568 713 2631 veritate
730 2575 759 2632 et
779 2569 913 2633 Ecclesiis
931 2571 1079 2649 institutis,
1093 2571 1197 2634 dehinc
1216 2572 1247 2633 in

270 2688 284 2728 a
307 2671 407 2734 orbem
420 2672 551 2754 proiecti,
567 2673 697 2736 eamdem
712 2675 871 2736 doctrinam
885 2675 1014 2754 ejusdem
1033 2673 1101 2736 fidei
1122 2673 1246 2737 nationi-

270 2793 285 2832 (
306 2774 359 2837 bus
368 2779 638 2857 promulgaverunl3
650 2783 678 2840 et
691 2776 811 2858 proinde
819 2775 960 2839 Ecclesiae
970 2776 1046 2856 apud
1056 2793 1247 2857 unamquam-

271 2895 285 2936 a
307 2896 363 2958 que
383 2878 523 2942 einutem
544 2867 743 2957 condiderunt,
758 2879 773 2940 d
787 2877 891 2958 quibus
911 2878 1059 2939 traducem
1080 2878 1146 2940 fidei
1161 2885 1190 2939 et
1202 2895 1246 2940 se·

199 3049 205 3060 ¹
271 2980 384 3043 «mina
404 2981 540 3047 doctrinm
563 2993 673 3047 caeterae
686 2983 787 3046 exinde
812 2981 944 3044 Ecclesiae
965 2985 1102 3042 mutuatae
1124 2987 1202 3057 suut,
1217 2987 1247 3042 et

270 3104 285 3143 a
307 3085 433 3165 quotidie
446 3095 625 3168 mutuantur,
642 3097 675 3152 ut
686 3087 821 3152 Ecclesiae
842 3085 928 3162 liaut3
949 3101 982 3145 ac
995 3100 1047 3164 per
1060 3082 1115 3144 boc
1136 3088 1164 3144 et
1176 3082 1250 3164 ipsa
1272 3139 1276 3145 .

271 3208 285 3246 a
308 3189 477 3270 Apostolioae
489 3190 672 3274 deputantur,
685 3203 718 3256 ut
736 3193 850 3257 soboles
872 3189 1092 3272 apostolicarum
1105 3185 1246 3250 Ecclesia·
1317 3211 1323 3222 ·

271 3309 286 3350 a
308 3309 385 3353 rum.
401 3292 500 3375 ltaque
513 3303 556 3359 tot
569 3315 604 3360 ac
616 3305 703 3361 tantm
719 3297 863 3373 Ecclesiae,
878 3313 936 3355 una
949 3300 993 3356 est
1006 3293 1054 3355 illa
1065 3292 1102 3356 ab
1111 3292 1246 3375 apostolis

217 3477 219 3482 Α
271 3414 286 3453 a
308 3395 531 3479 primamque
547 3418 686 3463 omnes...
702 3401 775 3463 Hinc
793 3401 881 3481 igitur
894 3398 1041 3478 dirigimus
1055 3396 1251 3480 praescriptio.

272 3517 286 3558 a
307 3517 391 3562 uem:
408 3502 432 3564 si
446 3502 582 3566 Dominus
596 3505 679 3568 lesus
697 3505 827 3567 Christus
841 3504 986 3585 apostolos
999 3501 1078 3565 misit
1093 3502 1129 3565 ad
1143 3500 1246 3582 praedi·

271 3604 444 3682 «candum,
471 3607 541 3670 alios
564 3627 622 3670 non
645 3627 707 3671 esse
730 3606 909 3689 reeipiendus
932 3606 1132 3687 praedicatores
1159 3606 1244 3684 quim

272 3725 287 3764 a
309 3725 381 3788 quos
404 3708 531 3772 Christus
552 3712 689 3790 instituit3
714 3713 780 3793 quia
803 3729 857 3773 nec
870 3709 982 3771 Patrem
1003 3708 1076 3770 alius
1095 3706 1173 3769 novit
1191 3707 1246 3769 nisi

271 3829 286 3868 u
309 3809 470 3888 Filius,nec
484 3813 545 3876 aliis
552 3814 663 3877 videtur
672 3814 815 3878 revelasse
826 3811 913 3874 Filius
923 3813 1010 3893 quam
1017 3811 1164 3893 apostolis,
1174 3830 1250 3893 quos.

272 3933 294 3972 a.
311 3913 388 3976 misit
401 3915 437 3978 ad
450 3917 671 3998 praedicandum,
688 3919 785 3999 utique
800 3916 877 3998 quod
886 3914 942 3978 illis
954 3915 1097 3978 revelarit.
1108 3915 1182 3988 Quid
1194 3934 1245 3983 au·

273 4035 288 4076 t
310 4025 368 4081 tam
382 4020 607 4100 praedicaverint,
622 4019 652 4083 id
667 4028 722 4100 est,
739 4019 806 4102 quid
820 4017 1201 4097 illisdhrismsrevelaverit
1216 4028 1249 4091 et

275 4137 290 4180 a
312 4120 360 4184 hlc
373 4122 556 4204 praescribam
576 4143 632 4188 non
649 4125 732 4187 aliter
755 4123 871 4205 probari
886 4130 1030 4204 oportere,
1047 4120 1102 4184 nisi
1115 4140 1167 4208 par
1181 4139 1252 4187 aas-
