3200 5067
362 486 379 533 e
628 484 669 535 DE
687 486 717 546 Q·
736 485 763 534 S.
782 484 811 535 F.
830 484 1052 537 reurutttmto

361 605 436 661 tetur
449 596 527 659 brevi
541 596 741 660 ostendemus:
758 584 836 679 qu'dd
847 596 873 660 si
887 596 975 660 libros
988 598 1050 679 ejus
1066 596 1202 659 adeersds
1214 597 1340 677 singulas

358 703 483 765 haereses
495 702 670 784 conscriptos
684 702 825 784 perlegas,
847 701 1068 781 Valentinianos,
1086 701 1245 779 Gnostiros,
1260 702 1339 764 llar-

357 806 480 883 cionem,
496 806 716 887 Hermogenem,
738 805 888 883 l‘raxeam,
905 806 971 869 aute
984 806 1197 869 mordacissima
1210 804 1338 887 Septimii

355 913 449 991 satyra
463 911 612 973 dilaniatos
625 908 760 983 invenies,
774 910 861 988 quam
874 908 1017 988 adipsum
1034 909 1069 972 de
1081 909 1208 971 doctrina
1222 916 1338 971 ventum

354 1015 393 1077 sit
407 1030 602 1091 congressum.
618 1011 796 1090 Quamquam
810 1029 864 1073 uec
877 1010 1051 1073 dialecticam
1065 1012 1167 1075 Nostro
1181 1014 1280 1075 deesse
1293 1013 1339 1074 ul·

354 1117 445 1179 terius
458 1114 653 1191 ostendemus,
668 1130 789 1192 eamque
799 1113 869 1174 satis
881 1130 1009 1193 pressam
1021 1120 1051 1173 et
1063 1113 1208 1191 subtilem,
1223 1122 1254 1177 et
1265 1116 1338 1179 irre·

352 1218 449 1282 tiendo
463 1217 623 1279 adversario
639 1216 826 1297 aptissimam,
841 1216 871 1277 in
884 1218 941 1297 qut
954 1215 1024 1277 nihil
1038 1213 1116 1278 aliud
1129 1216 1334 1296 reprehendas,

352 1325 406 1387 nisi
422 1324 574 1406 quamdam
593 1321 685 1405 (quod
698 1322 727 1383 in
742 1321 879 1403 Septimio
896 1321 1023 1403 mireris)
1047 1320 1198 1402 aliquando
1209 1321 1333 1400 garruli-

350 1435 450 1491 tatem.

390 1532 455 1596 lam
468 1533 504 1596 ad
517 1534 640 1597 notanda
654 1532 821 1615 Septimiani
829 1532 893 1615 styli
905 1531 971 1595 uitia
981 1531 1159 1595 adducimur.
1170 1529 1333 1595 Subobscu-

351 1656 401 1700 rus
415 1644 470 1715 est,
485 1637 572 1718 idque
585 1640 799 1720 nonnumquam
814 1638 955 1714 consulto,
978 1637 1102 1714 inllatus,
1118 1636 1147 1697 iu
1159 1634 1333 1698 ornamentis

350 1740 492 1804 delectum
505 1742 613 1805 habens
627 1760 684 1805 uon
705 1742 773 1805 setis
786 1760 930 1819 severum,
945 1740 1097 1803 uerborum
1112 1747 1162 1803 eut
1174 1737 1332 1802 contrarie·

349 1845 455 1909 tatibus
469 1853 518 1911 aut
530 1847 722 1910 consonantiis
731 1846 869 1925 gaudens,
885 1852 918 1907 ut
929 1844 1113 1907 nunedtram
1124 1843 1249 1916 hominis
1262 1842 1331 1906 bar·

348 1950 456 2013 hariem
479 1952 682 2033 reprehendas
704 1970 781 2012 nunc
794 1948 859 2031 stgli
873 1949 947 2010 ultra
964 1949 1052 2030 quam
1075 1948 1142 2009 satis
1163 1955 1207 2010 est
1227 1946 1330 2010 exculti

347 2057 486 2137 nitidique
507 2057 660 2135 elegantias
687 2059 744 2135 (t).
762 2055 830 2116 llaec
853 2056 950 2115 omnia
962 2054 1046 2131 uitia,
1068 2054 1175 2135 passim
1189 2054 1219 2115 iu
1232 2054 1330 2118 multis

347 2158 474 2239 Septimii
490 2158 615 2238 dispersa
630 2158 775 2238 operibus,
788 2155 860 2218 liber
875 2157 907 2217 de
919 2156 1011 2217 Pollio
1021 2156 1110 2217 denso
1124 2157 1205 2237 quasi
1217 2159 1331 2236 agmine

347 2260 475 2321 conserta
496 2258 633 2337 continet,
656 2258 720 2321 vitia
738 2266 833 2320 tamen
851 2268 881 2319 ot
900 2270 943 2319 τοῦ
965 2264 1096 2338 optares,
1116 2260 1168 2321 sed
1181 2261 1245 2341 ejus
1268 2262 1329 2344 qui,

348 2366 433 2428 etiam
450 2366 714 2448 reprehendendus,
727 2364 879 2447 aliquando
893 2375 1004 2430 moveat
1023 2361 1251 2433 admirationem.
1267 2370 1331 2434 Hu-

343 2470 394 2549 jus
415 2469 502 2532 libelli
523 2467 724 2531 obscuritatem
738 2470 898 2532 doctissima
913 2471 1042 2534 Salmasii
1055 2474 1260 2537 commentaria
1277 2492 1327 2536 ex·

345 2572 477 2653 pellendo
491 2573 699 2651 demonstrant,
725 2573 829 2654 quibus
850 2574 912 2654 ipse
930 2575 995 2637 talia
1009 2575 1166 2657 praefatur:
1191 2576 1326 2639 «Multos

347 2696 363 2737 c
385 2676 451 2756 ridi,
464 2679 614 2760 postquam
624 2677 697 2741 bend
706 2685 876 2741 aestuassent
888 2685 920 2740 ut
933 2697 998 2741 eum
1012 2686 1241 2761 assequerentur,
1254 2681 1325 2744 nihil

344 2802 360 2843 a
384 2768 636 2864 praeter'sudorem
650 2791 678 2847 et
692 2785 807 2848 inanem
821 2785 908 2847 animi
922 2785 1115 2864 fatigationem
1130 2787 1266 2867 lucratus,
1287 2789 1324 2852 ab
1363 2815 1366 2820 ¹

345 2909 360 2951 a
383 2890 446 2970 ejus
460 2889 580 2951 lectione
593 2890 764 2954 discessisse.
779 2890 827 2955 Si'c
836 2890 885 2973 qui
896 2900 1021 2978 anaema
1029 2892 1129 2957 haberi
1138 2892 1236 2971 uoluit,
1252 2895 1324 2957 adeo

345 3010 360 3052 a
384 2993 460 3073 quod
473 2993 562 3055 voluit
577 3012 593 3055 a
610 2996 761 3077 semetipso
776 2996 948 3078 impetrarit,
962 3004 993 3059 et
1006 2998 1119 3060 efficere
1133 2997 1163 3060 id
1175 2999 1252 3079 quod
1272 3018 1325 3081 op·

343 3114 359 3155 e
384 3096 460 3157 tabat
473 3098 572 3173 valuit,
587 3107 620 3160 ut
634 3106 689 3161 etc.
702 3120 718 3161 a
733 3134 774 3145 -
784 3100 916 3163 Inflatum
932 3101 993 3181 ipsa
1005 3101 1152 3183 dispositio
1166 3102 1263 3184 operis
1273 3120 1323 3164 ar-

342 3196 413 3274 guit,
433 3199 462 3257 in
488 3217 544 3277 quo
569 3202 754 3263 rnutationem
769 3203 897 3279 vestitds,
921 3206 1201 3288 assumptionemque
1214 3206 1322 3287 palliia

341 3296 618 3375 Carthaginiensibus
628 3303 833 3381 reprehensam
843 3303 1021 3384 defensurus,
1034 3306 1087 3368 soli
1097 3308 1321 3388 coelique,totius

339 3416 437 3461 rerum
456 3408 578 3477 naturae,
604 3403 746 3485 totiusque
760 3405 877 3467 humani
892 3408 1004 3485 generis
1018 3409 1189 3471 mutationes
1203 3420 1317 3489 narrat,

340 3510 372 3563 ut
384 3502 466 3565 nobis
480 3503 510 3565 in
524 3511 649 3567 urentem
661 3506 753 3569 veniat
767 3509 879 3589 dquam
894 3510 1010 3572 diversis
1022 3510 1187 3590 regionibus
1200 3519 1286 3595 atque
1301 3517 1318 3577 d

339 3605 438 3668 mundi
460 3606 575 3689 quidem
596 3607 705 3688 origine
725 3610 851 3673 comicus
865 3612 912 3673 ille
926 3620 1023 3676 orator
1035 3615 1071 3677 nd
1084 3615 1175 3698 ipsam
1189 3636 1316 3696 eausam,

339 3726 497 3790 canemque
513 3728 634 3773 comesne
648 3712 758 3791 gallinae
770 3731 852 3777 reum
871 3714 1011 3779 deveniat.
1027 3718 1154 3802 Denique
1167 3721 1317 3785 rhetoricis

338 3812 446 3876 artibus
464 3816 580 3876 omnino
595 3816 730 3879 intectum
745 3816 833 3883 luisse
846 3826 925 3883 totus
936 3821 1010 3885 liber
1023 3824 1210 3906 demonstrat,
1221 3827 1317 3890 decla-

336 3917 455 3983 matoris
465 3918 574 3999 scheid,
586 3940 642 3987 non
655 3923 781 3987 Ecclesit
796 3924 909 4005 dignus.
925 3926 1031 3989 Verrim
1045 3930 1091 3991 hae
1104 3932 1235 4011 maculae,
1249 3934 1316 3995 edm

368 4121 403 4190 (l)
421 4124 482 4177 Vide
496 4127 569 4191 Apol.
585 4130 610 4192 l,
624 4127 667 4192 25,
682 4130 724 4193 tlt,
739 4132 868 4198 multaque
882 4134 930 4187 al'm
943 4135 1059 4199 ejusdem
1073 4138 1186 4201 generis.
