3200 5067
343 468 376 519 ta
623 462 664 511 nu
683 462 713 522 o.
732 460 758 509 s.
779 458 808 508 u.
826 430 1046 509 rnnrunnuno

343 590 423 657 tnnc,
449 597 484 639 ne
506 576 601 638 omnia
625 592 739 656 pessum
760 572 991 649 mantolomaus,
1012 587 1063 631 nee
1081 585 1186 629 maure
1206 586 1324 633 necesse

345 683 408 761 suit,
422 688 464 757 ut,
480 679 629 741 interritae
643 675 768 751 deliciae,
790 675 901 737 venturi
918 673 970 736 aeri
985 672 1091 753 judicia
1111 673 1156 734 nel
1171 672 1324 736 invitorum

303 808 307 815 ·
345 787 434 850 oculis
463 784 698 858 obuersarentur,
730 788 818 861 utque
845 778 1014 855 Christiani,
1037 778 1123 839 etiam
1143 778 1246 859 opibus
1266 780 1325 841 dil·

220 923 225 931 ·
343 892 474 965 lluentes,
484 887 585 969 spiritu
595 894 691 947 tamen
705 900 844 965 pauperes
852 888 1011 958 manerent,
1022 889 1051 944 et
1064 880 1183 958 mundo,
1194 890 1325 962 tuaquom

344 1014 400 1055 aon
421 998 536 1067 utentes,
561 996 720 1051 uterentur.
734 986 821 1065 Ergo,
847 986 964 1047 numine
990 983 1092 1047 auxilia
1113 1002 1166 1065 pro
1186 987 1325 1067 cujusque

239 1098 245 1107 ‘
345 1097 435 1163 aetatis
448 1094 580 1177 periculis
594 1091 846 1168 sumministrante,
861 1108 914 1151 nec
930 1088 1063 1151 secunde
1076 1088 1198 1150 lortunae
1209 1092 1326 1151 venenis

345 1219 397 1263 sua
417 1199 568 1263 doluerunt
590 1197 725 1272 antidota,
748 1194 866 1277 tulitque
884 1199 986 1274 quarta
1006 1199 1070 1272 post
1090 1190 1233 1255 Christum
1255 1200 1325 1255 aetas

345 1305 490 1383 ingentem
503 1302 689 1364 facundorum
704 1300 830 1363 virorum
844 1306 981 1378 segetem,
993 1316 1111 1379 quorum
1126 1296 1240 1375 ealaus,
1255 1297 1326 1360 illud

347 1406 471 1469 osticium
485 1404 547 1483 suit,
567 1406 679 1467 summu
696 1404 864 1465 auctoritate
883 1401 1027 1481 ingruenti
1044 1402 1220 1483 cormptioni
1234 1402 1326 1467 obsis·

346 1517 419 1587 tere,
429 1508 563 1590 quidquid
570 1506 753 1585 Evangelium
763 1507 798 1569 de
808 1506 936 1569 moribus
947 1515 997 1569 aut
1007 1508 1144 1591 praecipit,
1157 1516 1207 1570 aut
1214 1508 1325 1586 suadet,

347 1614 439 1675 verbis
452 1611 654 1691 sententiisque
667 1611 705 1672 ita
716 1610 860 1672 illustrare
873 1617 906 1672 ut
921 1629 952 1672 se
967 1612 1037 1690 legis
1051 1612 1227 1691 ignorantem
1241 1631 1325 1675 nemo

348 1716 476 1799 profiteri
488 1716 614 1779 auderet.
1263 1784 1268 1787 ‚
1322 1706 1327 1711 ’

388 1822 505 1899 Verium,
517 1840 605 1903 quum
614 1828 691 1883 tanta
703 1821 738 1882 sit
751 1822 876 1884 humana
889 1823 1051 1901 infirmitas,
1063 1830 1094 1885 ut
1106 1824 1188 1885 multi
1202 1824 1245 1886 rel
1254 1824 1328 1886 inter

349 1928 536 1991 summabelli
550 1928 724 2005 discrimina,
735 1928 811 2008 pacis
825 1926 987 1989 libidinibus
1000 1929 1139 2009 nugisque
1152 1929 1327 2009 indulgeant,

349 2030 456 2112 proluit
475 2031 637 2111 aliquando,
661 2030 690 2090 in
713 2029 774 2110 ipsi
788 2029 860 2107 acie,
882 2030 1012 2092 fidelibus
1030 2031 1066 2093 ad
1081 2050 1248 2113 supremum
1263 2032 1329 2095 fidei

350 2134 586 2215 experimentum,
607 2133 864 2214 effundendumque
880 2153 933 2215 pro
947 2135 1069 2197 ¹veritate
1089 2137 1255 2215 sanguinem
1266 2138 1328 2217 jam

348 2238 616 2319 jamquevocandis,
628 2238 655 2298 in
669 2246 792 2299 mentem
803 2239 929 2301 revocari
938 2240 1089 2303 humiliora
1099 2241 1162 2304 ritae
1171 2240 1329 2304 communis

353 2342 463 2405 cilinia:
479 2342 519 2403 sic
532 2340 701 2423 Cypriauum
713 2342 745 2401 de
761 2342 936 2421 eleemosgod,
952 2344 1050 2404 dezelc
1066 2350 1092 2403 et
1105 2343 1198 2415 liuore,
1218 2344 1329 2405 adsuns

351 2448 522 2511 scribentem
539 2446 680 2527 legimus:
697 2448 738 2508 sic
754 2447 858 2509 Noster
873 2449 1015 2515 crannus,
1035 2450 1179 2528 patientie
1196 2458 1250 2512 ete.
1271 2468 1331 2511 me-

351 2552 406 2613 rita
421 2550 566 2627 extollere,
582 2550 658 2627 leges
671 2550 850 2613 conscribere
864 2569 921 2612 non
940 2550 1018 2612 duxit
1030 2570 1248 2632 supervacuum.
1300 2572 1304 2575 ’

393 2657 477 2719 Liber
485 2657 517 2717 de
526 2656 656 2719 Oratione
666 2662 743 2725 totus
755 2656 815 2717 lere
823 2666 1034 2738 παραφραστικὸς.
1046 2657 1222 2736 Quamquim
1232 2662 1331 2717 auctor

352 2780 452 2843 pravas
475 2762 610 2842 quasdam
633 2761 851 2824 consuetudines
874 2762 965 2824 obiter
985 2770 1076 2840 notat,
1100 2762 1209 2844 quaein
1231 2760 1331 2822 orandi

352 2864 468 2927 modum
490 2871 557 2926 tunc
578 2866 716 2947 temporis
729 2864 916 2947 irrepserant,
934 2865 1004 2927 illud
1017 2847 1112 2927 tamen
1127 2865 1269 2947 precipue
1282 2864 1328 2925 iu

349 2971 439 3035 tendit
459 2970 633 3033 uberrimam
653 2971 802 3033 latentium
818 2990 953 3033 sensuum
973 2971 1102 3052 prolerre
1113 2972 1237 3056 copiam,
1256 2988 1329 3051 quos

264 3133 267 3140 .
353 3077 454 3139 tradita
469 3078 484 3137 b
499 3076 610 3139 Christo
631 3076 722 3137 Deum
745 3076 907 3157 alloquendi
929 3076 1052 3138 formula
1066 3076 1209 3138 continet:
1226 3096 1241 3135 u
1257 3074 1330 3137 Bre-

355 3200 370 3241 o
392 3182 463 3241 vitas
476 3181 552 3241 enim
566 3181 620 3241 ista
640 3198 750 3259 magnae
769 3200 803 3243 ac
815 3182 906 3243 beatae
919 3181 1158 3261 interpretationis
1172 3179 1329 3242 substantia

354 3304 370 3345 u
392 3284 462 3347 fulta
475 3290 537 3345 est:
555 3285 749 3364 quantumque
762 3285 963 3365 substringitur
979 3277 1210 3364 remistanium
1230 3282 1330 3347 diffluit

355 3408 371 3449 u
392 3384 531 3449 sensibus.
547 3384 648 3474 Neque
660 3385 735 3447 enim
748 3390 863 3470 propria
874 3391 984 3452 tantiun
998 3390 1133 3452 orationis
1146 3388 1238 3451 ollioia
1252 3404 1330 3449 oom-

353 3512 369 3555 α
390 3491 470 3573 plexa
492 3496 545 3569 est,
567 3490 776 3554 uenerationem
794 3494 846 3557 Dei
865 3503 915 3557 aut
936 3490 1060 3557 honiinis
1081 3494 1258 3577 petitionem,
1275 3492 1331 3555 sed

354 3616 369 3657 u
391 3613 506 3659 omnem
528 3596 601 3677 pene
621 3614 795 3678 sermonem,
820 3619 935 3663 omnem
953 3601 1093 3663 rationem
1113 3600 1331 3682 disciplinanunc

353 3722 370 3763 o
391 3704 490 3764 revera
507 3702 536 3764 in
550 3702 683 3767 Oratione
696 3704 870 3769 breviarium
885 3707 971 3769 totius
985 3707 1129 3787 Evangelii
1143 3706 1330 3787 comprehen·
1415 3789 1418 3794 Ι

355 3825 370 3867 n
392 3805 475 3869 datur
496 3808 555 3889 (1).
579 3830 595 3872 n
615 3810 697 3875 Haud
720 3814 871 3877 mediocris
890 3812 976 3899 igitur
996 3813 1080 3898 pretii
1103 3810 1215 3877 libellus
1239 3813 1330 3874 istea

352 3911 567 3977 christianarum
587 3916 785 3999 antiquitatum
803 3919 936 3984 studiosis
956 3920 1088 3999 habetur,
1109 3929 1141 3983 ut
1159 3917 1207 3999 qui
1221 3918 1330 3999 primus

384 4114 418 4182 (l)
433 4117 468 4169 De
482 4118 561 4182 Orat,
578 4121 590 4182 5
609 4122 632 4171 l.
713 4112 717 4118 ’
