3200 5067
389 511 443 578 rea
471 531 479 544 ·
680 507 723 558 na
739 509 770 570 o.
787 507 813 557 a.
833 505 860 557 u.
878 501 1100 557 maruntimo

389 643 405 684 c
426 623 641 686 auctmamento
656 620 763 682 ventris
778 618 853 680 inter
865 616 1051 706 contumelias
1062 615 1284 695 saginandiscd
1297 619 1364 698 qua,

388 747 404 789 a
425 743 513 807 penes
536 722 639 799 baum,
663 723 756 801 major
776 728 820 783 est
839 719 1041 800 contemplatio
1055 718 1254 781 mediocrium.
1269 719 1300 782 Si
1312 720 1367 780 bo-

388 847 404 888 «
425 835 506 890 nesta
519 845 604 888 causa
617 831 661 886 est
674 822 807 898 conduii,
821 821 966 902 reliquum
979 819 1108 882 ordinem
1122 820 1279 903 disciplinae
1290 822 1368 884 msti-

392 950 416 992 c
430 937 506 992 mata
528 929 577 1010 qui
601 929 655 1003 sit,
680 924 885 1004 dereligionis
906 926 1012 991 officio.
1038 925 1114 987 Nihil
1139 926 1270 1003 vilitatis,
1296 925 1366 987 nibil

388 1053 405 1096 c
425 1031 613 1096 immodestia
626 1029 768 1092 admittit:
785 1046 843 1090 non
862 1028 942 1110 priuis
960 1028 1151 1092 discumbitur
1173 1030 1260 1110 quam
1277 1029 1367 1091 oratio

387 1156 403 1198 c
425 1137 461 1198 ad
473 1136 562 1198 lleum
578 1138 766 1214 progustotur
780 1153 788 1192 z
804 1132 898 1194 editur
910 1132 1048 1213 quantum
1065 1133 1223 1195 osunentos
1237 1134 1365 1213 cupiunt,

387 1258 403 1299 a
425 1237 531 1301 bibitur
553 1237 692 1318 quantdm
713 1235 822 1317 pudicis
845 1241 888 1296 est
910 1235 999 1296 utile:
1024 1235 1062 1296 ita
1081 1242 1258 1312 saturantur,
1272 1244 1305 1297 ut
1318 1236 1366 1317 qui

387 1362 403 1405 c
425 1341 609 1406 meminerint
622 1340 707 1402 etiam
723 1358 775 1420 por
789 1347 903 1401 noctem
917 1339 1092 1401 adorandum
1109 1339 1199 1400 mum
1213 1339 1267 1400 sibi
1282 1357 1365 1400 esse:

387 1446 464 1508 «ita
486 1444 662 1519 fabulantur,
686 1442 787 1522 utqui
808 1442 899 1503 sciant
918 1441 1010 1503 Deum
1033 1440 1132 1503 audire
1156 1441 1216 1521 (l).
1236 1441 1367 1503 »Nonne

385 1549 440 1630 ipsi
453 1547 554 1610 Dacius
568 1553 618 1608 aut
636 1543 825 1607 Diocletianus
838 1544 867 1604 in
882 1543 1077 1606 testimonium
1093 1544 1182 1609 uocati
1195 1542 1367 1605 Christianos

385 1651 442 1713 boo
454 1651 485 1711 in
494 1649 557 1712 loco
571 1653 738 1727 agnoscant,
749 1647 797 1709 illa
808 1653 905 1709 auum
916 1648 1064 1729 superiora
1076 1648 1112 1710 de
1123 1648 1214 1710 otiosa
1224 1646 1368 1710 llomano·

386 1771 451 1814 rum
470 1755 621 1835 juventute
641 1755 732 1831 traps
754 1769 914 1811 comneno
935 1743 1012 1821 nott,
1039 1751 1150 1812 narrari
1172 1751 1367 1812 arbitrentur‘.l

371 1854 506 1932 -Nonne,
528 1854 644 1918 -omissis
664 1851 803 1930 testibus,
828 1870 877 1914 res
897 1853 959 1935 ipsa
980 1871 1137 1934 numquam
1159 1853 1221 1915 fieri
1244 1849 1368 1934 potuisse
1416 1886 1419 1892 ,

388 1957 586 2034 demonstrat,
611 1964 643 2018 ut
673 1963 820 2018 voratores
850 1963 880 2018 ot
902 1963 1048 2037 potatores
1070 1956 1208 2020 adversus
1232 1950 1368 2043 supplicia
1388 1961 1391 1971 '

390 2063 450 2124 tlm
474 2068 659 2139 constantes,
685 2062 802 2140 tquuc
832 2060 942 2122 aberas
972 2061 1185 2137 invenirentur3
1219 2059 1296 2121 undd
1321 2077 1369 2121 se-

386 2166 485 2247 quitur
504 2165 693 2248 Septimium,
715 2165 855 2226 infamare
879 2183 951 2244 quos
972 2166 1139 2226 deseruerat
1157 2163 1368 2238 anonumntl

386 2269 464 2330 aliud
477 2268 631 2349 proiecisse
644 2270 731 2350 quim
745 2275 777 2328 ut
798 2267 940 2330 calumnia
963 2268 992 2329 in
1014 2265 1248 2330 calumniatorem
1260 2265 1368 2328 rodun·

388 2370 481 2432 daret.
1064 2372 1066 2379 '

426 2474 474 2537 lt.
493 2474 620 2556 lienique
629 2474 805 2552 Paracletus,
818 2475 854 2537 do
865 2479 931 2556 sapt
942 2477 973 2536 tn
987 2478 1172 2556 perunctione
1181 2481 1369 2539 consentanea

386 2596 446 2640 suaa
459 2577 495 2640 de
509 2579 641 2640 secundis
657 2577 775 2658 nuptiis,
800 2579 892 2658 deque
909 2579 1113 2641 fornicatorum
1126 2578 1289 2659 poenitentia
1302 2597 1370 2640 sen-

387 2682 482 2746 tentia
500 2682 645 2744 docuerat.
663 2679 731 2768 ¹(lua
753 2682 783 2742 in
803 2682 960 2762 quastione
980 2700 1040 2743 non
1061 2700 1148 2744 unam
1161 2687 1190 2744 et
1209 2680 1367 2762 simplicem

312 2850 319 2853 ,
386 2787 574 2869 disciplinam,
590 2787 641 2850 sed
651 2787 760 2850 .variam
775 2804 829 2868 pro
842 2788 922 2864 locis,
938 2805 991 2868 pro
1006 2787 1192 2869 temporibus,
1203 2799 1260 2868 'pm
1273 2788 1369 2868 cajus·

387 2905 443 2969 que
462 2887 625 2952 conditione
643 2897 673 2952 et
694 2890 807 2968 officio,
834 2890 957 2952 Ecclesia
981 2896 1078 2951 secuta
1100 2896 1155 2950 est.
1177 2888 1251 2951 Illud
1271 2894 1374 2950 tameu'

386 3008 500 3079 semper
522 2991 660 3069 obtinuit,
680 2999 709 3054 et
730 2992 900 3073 apostasiam
927 3009 1073 3061 summum
1095 2991 1255 3053 Christiano
1276 2991 1369 3053 scelus

386 3091 557 3170 babendum,
581 3110 636 3156 nec
659 3101 755 3156 tamen
779 3094 961 3158 munerarium
983 3093 1097 3177 probari
1118 3095 1185 3159 ddci
1200 3095 1368 3160 declaratio-

387 3212 465 3271 nem,
482 3197 548 3258 cbm
563 3197 641 3276 ignes
652 3197 858 3278 persecutionis
874 3216 933 3260 uon
948 3199 977 3260 in
991 3215 1023 3260 sc
1036 3200 1158 3277 tannim
1172 3199 1223 3261 sed
1236 3199 1267 3261 in
1278 3203 1367 3260 lotam

386 3295 613 3360 Christianorum
622 3307 736 3377 gentem
752 3300 814 3362 sine
828 3304 914 3364 causa
924 3301 1368 3382 concitare,imprudentissit,et

387 3399 445 3459 suis
466 3399 573 3462 viribus
592 3402 688 3481 potius
711 3405 796 3483 quim
816 3404 910 3468 divino
934 3405 1039 3467 amilio
1060 3406 1184 3469 ludentis.
1208 3405 1328 3481 Venlm,
1343 3404 1367 3464 si

387 3519 458 3562 noua
473 3501 539 3565 inde
551 3505 672 3584 quaestio
686 3507 842 3586 exoriatur,
858 3510 989 3587 liceatne,
1011 3509 1118 3571 relictis
1130 3511 1159 3571 in
1174 3509 1277 3590 quibus
1289 3507 1367 3570 savit

386 3605 546 3686 persecutio
567 3607 648 3685 locis,
672 3607 702 3669 in
721 3609 777 3673 alia
796 3612 888 3692 magis
906 3612 1015 3693 placida
1030 3613 1111 3692 quasi
1125 3613 1155 3674 in
1169 3611 1321 3693 quemdam
1335 3629 1378 3692 se·

385 3709 512 3789 racipere
530 3718 657 3791 portum,
676 3712 758 3776 facile
776 3721 911 3778 comatur
928 3734 987 3778 nou
998 3716 1098 3779 malem
1117 3715 1249 3779 omnibus
1261 3730 1368 3777 coure-

385 3809 459 3871 nire.
474 3811 575 3889 Laicis,
591 3812 694 3893 quibus
707 3817 761 3892 sul,
777 3817 821 3878 vel
835 3817 906 3893 sola,
921 3818 965 3879 rel
976 3818 1120 3900 praecipua
1130 3836 1199 3880 cura
1214 3816 1363 3879 committi-

386 3917 449 3989 tur,
476 3913 579 3993 quibus
604 3916 755 4012 prosectis,
780 3915 859 3981 nullo
882 3928 1064 4006 remanentes
1088 3920 1226 3983 orbantur
1250 3917 1365 3996 auxilio,

421 4110 454 4176 (t)
468 4113 587 4179 apolog,
603 4115 615 4177 5
630 4113 673 4166 59.
785 4127 788 4130 ·
