3200 5067
364 506 411 558 ddi
644 504 685 556 DE
703 507 732 568 Q.
751 507 778 556 S.
796 503 1064 557 munumentum

279 602 284 612 ¹
363 611 503 698 gantiam,
519 617 603 699 qudm
619 617 758 682 secundas
772 619 885 700 nuptias
904 619 940 680 ad
954 618 1074 680 infirmae
1091 618 1186 680 carnis
1200 619 1339 683 medelam

365 723 557 800 sumentium,
588 722 794 804 profiteretur:
829 742 845 784 c
874 721 925 784 Illa
953 721 1052 807 utique
1077 721 1228 784 infirmitas
1252 725 1343 802 magis
1381 785 1385 788 ,

365 846 381 888 c
404 815 675 906 exmsandaquaein
695 825 792 906 praetio
804 825 916 908 cecidit,
930 825 1017 905 quam
1030 843 1093 905 quae
1111 825 1140 888 in
1158 825 1339 904 cubiculo...

363 951 381 994 a
404 949 468 1012 quac
481 930 640 993 crudelitati
653 930 749 1005 cessit,
762 931 850 1010 quim
873 947 937 1011 quae
956 929 1100 992 libidini...
1117 929 1174 992 Sed
1185 926 1263 992 iiiam
1278 931 1343 1012 qui-

300 1055 303 1060 *
366 1052 381 1097 t
404 1035 471 1098 dem
489 1037 503 1096 a
529 1033 783 1095 communicatione
804 1031 967 1112 depellunt,
992 1031 1058 1111 quid
1080 1049 1138 1093 non
1159 1032 1292 1095 sustinuit
1313 1034 1342 1095 in

365 1159 381 1201 c
404 1139 511 1200 finem:
534 1138 608 1198 hano
620 1139 687 1222 vero
702 1135 870 1217 suscipiunt,
896 1134 978 1216 quasi
999 1141 1026 1195 et
1048 1131 1111 1196 hac
1130 1135 1297 1198 sustinuerit
1311 1136 1342 1197 in

366 1255 384 1302 t
403 1243 501 1309 tinem.
515 1240 649 1322 Propone
669 1239 737 1320 quid
752 1246 872 1319 utraque
888 1256 945 1300 non
966 1240 1131 1302 sustinuerit
1150 1240 1179 1302 in
1198 1241 1297 1319 tinem,
1315 1250 1343 1303 ot

366 1366 381 1406 c
403 1346 528 1408 invenies
547 1345 611 1425 ejus
634 1359 749 1407 causato
769 1342 978 1421 honestiorem,
1000 1363 1066 1426 quae
1087 1346 1234 1424 saevitiam,
1256 1351 1341 1429 quam

365 1468 381 1510 c
404 1467 468 1530 quae
483 1446 644 1530 pudicitiam
660 1445 802 1517 sustinere
818 1462 874 1507 non
889 1446 991 1527 potuit.
1008 1447 1044 1510 Et
1061 1455 1157 1511 tamen
1170 1468 1223 1512 nec
1237 1469 1342 1513 cruen-

366 1573 381 1614 c
404 1560 462 1614 tam
476 1551 662 1615 deiectionem
676 1549 825 1612 infirmitas
838 1551 934 1612 carnis
952 1560 1078 1633 excusat,
1099 1554 1204 1616 nedum
1218 1554 1342 1636 impudi-

367 1675 382 1717 ι
405 1673 468 1718 cam
492 1656 552 1736 (t).
576 1675 592 1714 u
617 1653 716 1716 Mirum
738 1653 816 1714 certe
835 1662 969 1726 ἀντίθεσιν,
994 1656 1044 1717 sed
1057 1675 1121 1736 quae
1138 1664 1168 1718 et
1186 1656 1216 1718 in
1235 1657 1343 1740 primas

364 1775 478 1838 quoquc
490 1757 629 1820 redundet
641 1755 765 1837 nuptias,
783 1762 823 1833 et,
837 1759 945 1836 rejecta
964 1758 1146 1820 matrimonii
1157 1777 1224 1822 cum
1243 1767 1342 1842 stupro
1371 1791 1375 1795 >

363 1860 555 1940 similitudine,
570 1867 646 1923 ruat.

404 1967 436 2026 [ιθ
457 1966 528 2028 Cdm
552 1966 627 2048 apud
648 1965 834 2044 Christianos,
849 1965 938 2028 unius
955 1968 1129 2030 matrimonii
1142 1988 1206 2033 esse
1223 1969 1343 2032 debeant

364 2073 414 2154 qui
426 2073 528 2152 ordini
548 2073 716 2136 sacerdotali
736 2075 916 2152 adleguntur,
938 2074 1033 2135 forsan
1051 2072 1117 2134 inde
1137 2073 1217 2154 sequi
1231 2073 1344 2154 putabis

365 2177 459 2240 minus
473 2183 551 2239 arcto
562 2177 649 2238 laicos
662 2177 785 2239 coerceri
800 2175 924 2238 vinculo.
938 2173 974 2235 Ut
988 2175 1065 2236 enim
1080 2177 1173 2256 major
1189 2183 1232 2238 est
1245 2194 1344 2238 sacer·

364 2281 477 2343 dotibus
497 2282 628 2360 dignitas,
649 2281 698 2363 qui
707 2281 831 2363 propius
848 2279 884 2341 ad
898 2279 988 2341 Deum
1002 2281 1150 2360 accedunt,
1164 2282 1203 2343 ita
1218 2283 1344 2344 sanctior

360 2383 393 2445 in
408 2384 464 2446 illis
479 2402 592 2447 morum
605 2385 753 2464 integritas
766 2384 896 2448 relucere
919 2385 1021 2464 dehet3
1036 2405 1089 2449 nec
1109 2388 1213 2449 mirum
1229 2388 1343 2470 siquod

364 2487 457 2550 catari
476 2488 586 2550 tnntdrn
602 2488 768 2566 suadentur,
784 2489 813 2550 in
824 2489 1017 2553 sacerdotibus
1025 2491 1076 2570 jus
1086 2491 1264 2572 formamque
1272 2510 1344 2572 prae·

364 2591 438 2671 cepti
457 2589 593 2653 obtineat.
608 2590 705 2669 Longe
717 2591 800 2653 alitor
814 2590 967 2672 Septimius
980 2598 1211 2671 argumentatur:
1237 2613 1253 2654 c
1271 2593 1343 2656 Vani

366 2711 386 2758 c
403 2693 522 2771 erimus,
537 2692 640 2774 inquit,
654 2693 678 2754 si
690 2695 883 2774 putaverimus
895 2697 972 2775 quod
984 2697 1178 2759 sacerdotibus
1192 2716 1249 2762 non
1261 2699 1344 2761 liceat

174 2782 175 2786 ¹
293 2860 295 2866 ,
366 2817 382 2859 c
405 2798 483 2860 iaicis
505 2798 601 2868 licere.
626 2796 726 2860 Nonne
753 2805 782 2860 et
800 2799 865 2861 laici
887 2800 1049 2861 sacerdotes
1070 2801 1192 2862 sumus‘?
1216 2801 1245 2864 Si
1268 2801 1344 2882 quod

366 2920 381 2962 c
403 2899 543 2984 episcopis
562 2900 732 2982 praescrihit,
751 2919 810 2963 non
826 2909 856 2963 et
869 2902 1002 2964 omnbus
1012 2891 1161 2985 praecipiti
1175 2903 1255 2968 Unde
1266 2905 1341 2968 enim

366 3006 530 3088 «episcopi
554 3013 583 3068 et
609 3004 724 3079 clerus?
750 3003 852 3066 Nonne
874 3005 909 3067 dc
938 3005 1091 3068 omnibus?
1114 3006 1219 3069 sinon
1244 3027 1344 3070 omnes

365 3128 381 3168 u
404 3107 593 3186 monogamiae
611 3114 756 3184 tenentur,
772 3107 849 3171 unct
861 3109 1023 3187 monogami
1037 3110 1067 3171 in
1083 3111 1250 3174 clerumi...
1266 3113 1341 3192 Age,

368 3231 383 3274 c
405 3213 453 3293 qui
477 3219 560 3293 putas
578 3211 780 3292 ,exceptionem
807 3213 995 3290 monogamiae
1012 3213 1048 3276 dc
1067 3215 1342 3297 episcopisfactam,

368 3334 384 3376 c
405 3315 508 3378 recede
527 3321 556 3376 et
573 3315 589 3376 d
605 3314 722 3396 reliquis
736 3315 825 3377 titulis
837 3316 1003 3397 disciplinae,
1019 3318 1069 3398 qui
1084 3336 1149 3380 cum
1164 3320 1342 3398 monogamia

369 3437 383 3478 c
406 3416 548 3498 episcopis
558 3417 768 3482 adscribuntur.
786 3417 850 3481 Noli
865 3437 929 3482 esse
940 3420 1207 3502 irreprehensibilis,
1218 3422 1343 3500 sobrius,

369 3538 384 3580 c
406 3519 480 3582 bene
494 3525 632 3596 moratus,
647 3519 806 3600 hospitatis,
820 3522 967 3587 docibilis:
985 3525 1054 3605 quin
1069 3528 1148 3603 vero,
1166 3533 1195 3588 et
1213 3526 1344 3588 vinodc-

368 3643 383 3684 c
406 3624 492 3701 ditus,
512 3631 541 3686 et
557 3641 644 3702 manu
662 3631 811 3706 promptus
829 3626 865 3687 ad
876 3626 1053 3703 cedendum,
1065 3635 1095 3690 et
1110 3645 1234 3710 pugnax,
1250 3637 1280 3691 ct
1291 3647 1344 3710 pe-

368 3745 384 3787 (
407 3721 498 3790 cuniae
515 3745 627 3792 amans,
644 3726 677 3790 Si
693 3727 769 3794 enim
791 3746 873 3791 suam
891 3729 998 3793 habent
1013 3731 1142 3813 episcopi
1158 3722 1250 3812 legem
1268 3731 1344 3793 circa

369 3850 384 3892 c
407 3833 723 3910 monogamiam,'etiam
733 3839 908 3914 reumque
918 3834 1345 3916 monogamiaeaoccdercopor-

368 3952 382 3992 c
406 3933 486 4011 tebit,
502 3934 639 4016 episcopis
656 3944 741 3999 erunt
749 3938 864 4019 scripta.
880 3937 969 4006 Laicis
981 3941 1060 4018 rard,
1076 3940 1157 4029 queis
1165 3939 1345 4025 monogamia

402 4136 434 4197 tt)
449 4135 484 4185 [te
498 4136 609 4200 Monog,
626 4138 637 4198 5
654 4137 693 4186 tn
