3200 5067
535 433 721 485 bruscuctttt
740 434 1002 487 rrtrtosortttctttt.
1228 437 1258 489 21

275 568 289 608 c
315 553 342 608 et
361 545 507 626 judicatur
528 564 717 625 magnorum
741 547 878 628 pondere,
903 555 935 610 ut
956 549 1032 631 apud
1052 556 1146 614 certos
1160 550 1196 614 de
1209 551 1262 616 Dei

258 668 288 710 ¹o
306 657 512 731 conspectu...
538 648 704 713 Praesident·
715 650 827 731 probati
846 650 952 734 quique
965 652 1105 732 seniores,
1120 654 1259 719 honorem

272 772 287 813 a
310 753 396 815 istum
408 772 465 815 uon
487 752 590 835 pretio,
606 753 655 815 sed
680 754 855 832 testimonio,
870 754 986 836 adepti;
1002 773 1096 838 neque
1108 757 1184 819 enim
1195 777 1261 839 pre-

272 877 287 917 «
309 858 347 920 tio
364 857 420 919 ulla
437 876 484 923 res
504 858 555 921 Dei
569 866 689 922 constat.
704 860 797 923 Etiam
814 862 838 923 si
854 862 932 942 quod
945 880 1019 925 areae
1032 880 1122 941 genus
1138 870 1256 941 est,.....

270 979 285 1021 o
308 960 449 1023 modicam
470 962 667 1044 unusquisque
689 964 793 1045 stipem
808 966 954 1026 menstrua
969 963 1026 1043 die,
1041 964 1088 1027 rel
1100 983 1165 1028 cum
1181 966 1259 1043 velit,

271 1080 286 1121 o
308 1070 337 1124 et
357 1062 381 1125 si
402 1064 488 1127 modo
513 1065 590 1144 velit,
612 1073 641 1129 et
661 1068 685 1129 si
707 1068 793 1130 modb
812 1068 913 1148 possit,
933 1069 1071 1149 apponit:
1088 1087 1156 1131 nam
1171 1087 1256 1133 nemo

271 1187 285 1228 c
307 1170 497 1252 compellitur,
514 1173 565 1237 sed
579 1176 680 1255 spoutb
695 1175 816 1239 confert.
831 1174 897 1239 Haec
911 1174 993 1256 quasi
1006 1174 1134 1255 deposita
1144 1173 1257 1256 pietatis

270 1293 285 1335 o
306 1285 383 1339 sunt.
404 1276 476 1341 Nam
496 1278 563 1341 inde
576 1297 635 1341 nou
649 1281 752 1365 epulis,
767 1298 822 1343 nec
840 1279 979 1361 potaculis
993 1279 1185 1359 dispensator,
1206 1281 1259 1344 sed

271 1400 286 1443 o
308 1382 403 1461 egenis
426 1382 534 1445 alendis
553 1384 753 1467 hmandisque,
777 1392 807 1449 et
827 1385 927 1467 pueris
940 1402 975 1446 ac
988 1383 1092 1465 puellis
1112 1402 1144 1446 re
1157 1403 1192 1447 ac
1203 1404 1256 1466 pa-

269 1504 284 1547 o
304 1486 434 1549 rentibus
454 1486 608 1566 destitutis,
625 1490 745 1571 jamque
767 1488 932 1551 domesticis
952 1486 1079 1564 senibus
1095 1486 1164 1549 item
1185 1497 1260 1550 nau-

270 1608 285 1649 «
307 1590 403 1668 fragis,
428 1599 457 1654 et
481 1592 506 1653 si
528 1592 577 1672 qui
600 1592 630 1653 in
651 1593 785 1671 metalliS,
812 1599 842 1655 et
864 1592 961 1673 siqui
984 1590 1015 1653 in
1037 1590 1149 1671 insulis,
1170 1592 1215 1655 vel
1228 1592 1258 1654 iu

268 1711 283 1753 c
306 1693 452 1779 custodiis,
467 1696 617 1757 dumtaxat
630 1698 760 1758 excausa
775 1694 827 1758 Dei
838 1702 936 1773 sectae,
951 1694 1060 1757 alumni
1074 1695 1258 1759 confessionis

254 1808 283 1855 'o
304 1814 364 1858 suae
396 1805 473 1859 sunt.
503 1798 558 1861 Sed
580 1801 641 1879 eius
662 1800 740 1863 modi
754 1800 798 1863 vel
813 1800 935 1862 maxime
953 1799 1110 1861 dilectionis
1131 1799 1257 1880 operatio

215 1982 219 1997 ,
248 1967 250 1971 ¹
269 1918 284 1958 a
306 1908 404 1961 notam
419 1902 508 1964 inurit
521 1922 609 1985 penes
622 1905 782 1987 quosdam:
806 1906 878 1983 cide,
893 1904 1038 1985 inquiunt,
1056 1911 1087 1965 ot
1101 1904 1216 1965 inuicem
1229 1923 1257 1965 se

269 2022 284 2063 o
306 2004 434 2083 diligant.
453 2005 512 2088 Ipsi
525 2008 601 2070 enim
615 2009 735 2071 invicem
748 2008 872 2072 oderunt
874 2054 935 2070 .....
958 2007 1058 2087 Igitur,
1080 2024 1146 2069 curn
1160 2005 1254 2087 probi,

267 2125 282 2167 a
305 2125 370 2169 oum
386 2107 452 2170 boni
466 2120 579 2189 coeunt,
596 2130 664 2174 cum>
675 2112 726 2193 pii,
742 2111 888 2175 cnrncasti
902 2117 1124 2191 congregantur,
1139 2116 1257 2177 nonest

267 2229 281 2271 o
304 2210 388 2275 factio
401 2212 532 2293 dicenda,
551 2216 602 2278 sed
615 2216 694 2277 curia
708 2217 767 2297 (l).
793 2236 809 2277 s

303 2315 365 2377 Duo
380 2318 519 2397 praeterea
533 2308 685 2405 Septimius
694 2325 835 2379 memorat
845 2314 1012 2379 Christianae
1022 2314 1178 2396 discipliuae
1191 2334 1251 2379 me-

263 2419 333 2494 rita:
353 2420 430 2500 qubd
443 2420 472 2482 in
488 2420 536 2482 illa
551 2420 660 2482 tantdm
674 2420 829 2483 efficaciter
849 2438 902 2501 pro
915 2438 1014 2482 rerum
1027 2421 1120 2483 salute
1136 2428 1246 2498 oratur,

263 2523 395 2603 qubdque
408 2524 462 2587 soli
476 2522 580 2604 quibus
595 2524 685 2586 modis
706 2522 798 2603 iugari
820 2522 960 2585 daemonia
973 2524 1083 2605 possint
1099 2522 1252 2587 Christiani

263 2636 401 2691 noverunt
417 2630 476 2710 (h).
494 2627 522 2691 Si
538 2627 622 2690 alieni
638 2628 749 2689 taurum
765 2626 801 2689 ab
816 2628 977 2705 evangelici
997 2628 1052 2691 lide
1066 2628 1127 2691 baec
1146 2628 1252 2691 irride·
1353 2668 1356 2673 Α

260 2737 336 2808 rent,
358 2732 511 2794 dolendum
536 2738 597 2793 erat
620 2730 714 2811 potid‘s
735 2732 824 2811 quam
842 2729 1004 2795 mirandum
1028 2732 1134 2794 multos
1148 2731 1251 2795 adebh

260 2836 379 2896 veritate
397 2834 525 2911 exulare,
548 2842 591 2910 ut,
608 2850 701 2914 neque
716 2840 852 2913 quantam
868 2851 918 2912 per
932 2849 1013 2913 purae
1026 2833 1131 2895 mertis
1149 2852 1251 2914 preca·

263 2938 355 3000 tiones
368 2937 443 2999 Deus
457 2936 510 2998 sibi
524 2937 581 2997 vim
597 2936 696 2997 inferri
711 2934 846 3016 patiatur,
861 2952 954 3015 neque
967 2945 1085 3014 quanta,
1100 2936 1209 2998 cunctis
1221 2936 1252 2998 in

262 3042 326 3104 vitae
341 3040 557 3119 certaminibus,
572 3043 589 3103 d
602 3040 670 3103 mali
683 3046 823 3122 potestate
832 3038 1000 3101 immineant
1010 3038 1105 3101 virtuti
1113 3039 1249 3120 pericula,

264 3147 376 3209 valeant
396 3146 573 3225 dignoscere.
595 3143 668 3206 lllud
690 3141 855 3207 incredibile
876 3149 930 3219 est,
954 3141 1086 3205 Ecclesiae
1106 3141 1248 3221 alumnos,

175 3285 179 3291 »
266 3250 442 3329 evangelium
456 3250 472 3310 d
487 3248 582 3329 pueris
596 3248 626 3310 iu
644 3246 776 3309 manibus
791 3252 945 3324 versantes,
959 3265 1011 3327 per
1023 3253 1184 3328 temporum
1199 3266 1248 3311 ca·

265 3356 404 3417 lumitates
419 3360 528 3419 lantum
543 3350 578 3412 de
590 3347 706 3431 pristina
722 3346 778 3409 sude
791 3330 945 3425 remisisse,
961 3354 993 3409 ut
1010 3348 1125 3430 eosqui
1139 3349 1248 3412 orando

264 3468 363 3524 vacant
377 3480 428 3543 pro
443 3477 500 3522 non
515 3454 671 3531 orantibus,
685 3452 935 3535 poenitentiamque
945 3471 998 3534 pro
1007 3453 1102 3515 multis
1115 3462 1249 3517 exercent

264 3565 299 3626 de
313 3564 367 3625 vita
382 3564 466 3624 llores
482 3561 592 3623 tautrim
611 3556 803 3639 carpentibus,
826 3564 959 3638 tanqrmm
981 3557 1100 3631 otiosos,
1116 3555 1249 3618 inutiles·

265 3688 319 3749 que
344 3670 538 3741 contemnant,
565 3671 593 3725 et
617 3664 726 3725 civitate
750 3660 880 3741 judicent
905 3660 1062 3741 pellendos.
1091 3657 1195 3736 iidem,
1221 3659 1247 3719 si

265 3774 337 3835 lorlb
352 3774 386 3835 de
401 3761 547 3835 daeruoniis
562 3786 655 3831 sermo
671 3764 811 3840 inciderit,
827 3762 931 3826 leuiter
952 3761 1096 3837 ridebunt,
1112 3760 1192 3842 quasi
1205 3760 1247 3823 la·

299 3972 332 4039 u)
347 3974 430 4037 spot,
446 3974 457 4035 s
472 3972 514 4034 as,
529 3973 571 4023 ro.

299 4066 334 4131 (a)
349 4065 432 4129 upon,
448 4062 460 4125 a
475 4063 516 4113 ar.
540 4139 543 4142 .
