3200 5067
550 1034 554 1041 ’
620 1026 622 1031 ’
670 991 809 1152 onor
837 1064 866 1149 1.

478 1261 521 1327 n'e
545 1276 691 1328 sunrluu
715 1276 795 1326 vmn
820 1276 862 1325 nr
887 1275 1048 1326 scurrus.

668 1496 865 1507 ———--

318 1710 358 1774 Ile
380 1710 519 1793 Septimii,
544 1710 573 1770 in
595 1708 808 1788 omnibusque
827 1706 919 1768 nostri
933 1707 1010 1788 juris
1027 1713 1112 1784 suut,
1135 1706 1262 1769 doctrina

280 1814 418 1876 disserere
438 1811 647 1892 aggredientes
662 1829 710 1875 res
727 1810 787 1891 ipsa
810 1829 929 1891 poscere
942 1810 1065 1889 ridetur,
1089 1818 1121 1873 ut
1140 1811 1263 1874 hominis

279 1917 363 1979 vitam
382 1916 551 1992 referamus,
575 1916 642 1977 edm
656 1914 783 1997 persaepe
797 1914 834 1976 ad
847 1914 1059 1995 interpretanda
1073 1914 1177 1995 scripta
1195 1932 1263 1996 per·

256 2038 363 2083 nosse
385 2038 468 2083 casus
492 2037 644 2101 moresque
664 2017 809 2099 scriptoris
837 2018 880 2079 vel
901 2016 1025 2079 maxime
1045 2016 1146 2099 prosit.
1172 2015 1263 2080 Nemo

280 2124 364 2205 plene
376 2120 412 2199 D.
428 2121 736 2201 Augustini-ingenium
755 2120 904 2198 intelliget,
919 2138 1004 2201 quem
1018 2119 1117 2182 latebit
1129 2139 1181 2202 per
1193 2139 1264 2203 quas
1295 2121 1298 2131 ⁴

277 2225 340 2289 vite
352 2226 503 2308 procellas,
523 2223 651 2307 aquibus
661 2210 813 2285 'libidinum
828 2240 1019 2303 errorumque
1028 2221 1172 2299 fluctibus,
1188 2222 1264 2285 reri-

277 2329 343 2393 tatis
358 2329 471 2393 tandem
485 2335 600 2410 portum
622 2326 773 2411 appulerit.
788 2326 878 2389 Nemo
893 2326 1051 2405 Athanasii,
1069 2324 1203 2389 Hilariive
1227 2326 1264 2388 li·
1281 2357 1284 2364 ,

277 2433 345 2496 bros
356 2433 429 2517 justi
446 2431 529 2513 pretii
541 2430 704 2509 aestimabit,
719 2431 767 2514 qui
780 2430 887 2493 nesciet
900 2430 975 2491 inter
988 2435 1108 2512 quantas
1121 2431 1264 2509 angustias

278 2545 441 2619 quantaque
454 2536 616 2600 discrimina
629 2554 681 2619 par
694 2535 764 2598 illud
777 2534 872 2597 nobile
885 2534 1081 2597 consessorum
1094 2536 1192 2597 contra
1203 2535 1263 2597 Arii

278 2641 441 2719 factionem,
457 2660 509 2724 pro
524 2640 668 2720 Ecclesiae,
690 2659 742 2723 pro
761 2641 872 2721 generis
891 2639 1009 2703 humani
1032 2640 1123 2703 salute
1142 2640 1264 2703 dimica-

279 2746 361 2807 verit.
382 2745 511 2827 Septimii
533 2746 647 2826 quidem
670 2746 724 2808 vita
738 2746 897 2824 ohscurior,
911 2764 965 2808 nec
978 2746 1064 2807 tantis
1077 2747 1198 2809 lortunae
1212 2745 1264 2808 oh-

276 2850 352 2928 jecta
375 2848 494 2927 vicibus,
515 2866 630 2930 unoque
648 2850 759 2911 tanturn
772 2849 903 2925 celebris,
919 2849 1010 2931 (quod
1023 2848 1132 2910 utinam
1146 2848 1264 2913 eradere

278 2951 410 3031 liceretl)
432 2970 522 3033 pauca
539 2951 624 3013 habet
638 2951 706 3013 satis
719 2949 913 3031 probabilibus
925 2952 1093 3012 confirmata
1104 2970 1262 3030 argumen-

280 3054 335 3116 tis:
352 3054 489 3137 pletaque
503 3058 552 3115 aut
567 3052 754 3134 conjicienda,
770 3060 821 3114 aut
831 3052 1005 3131 exdiligenti
1018 3053 1188 3135 scriptorum
1201 3057 1264 3136 ejus

279 3160 356 3223 inter
380 3178 413 3221 se
434 3159 645 3241 comparatione
672 3159 828 3239 colligenda
854 3158 1064 3239 relinquuntur.
1089 3159 1146 3223 Nos
1169 3168 1262 3223 tamen

278 3264 432 3345 praecipua,
448 3263 708 3343 quantulacumque
720 3263 788 3339 sint,
804 3262 902 3324 ordine
918 3261 1107 3343 proferemus.

320 3366 580 3445 Carthaginiensem
602 3366 688 3429 luisse
716 3386 816 3429 omnes
839 3367 899 3430 lere
922 3366 1047 3429 historici
1072 3369 1262 3431 consentiunt.

279 3472 380 3553 Afrum
401 3472 479 3535 certe
500 3471 561 3552 ipsa
584 3470 750 3553 Septimiani
773 3471 837 3551 styli
858 3471 968 3533 indoles
989 3472 1111 3552 quadam
1133 3491 1198 3533 curn
1216 3471 1268 3552 Cy·

282 3576 392 3657 priano,
408 3576 525 3639 ltlinutio
540 3576 646 3654 Felice,
661 3577 787 3640 dmobio
803 3576 940 3639 affinitate
959 3576 1091 3653 denotat3
1113 3595 1180 3637 nam
1194 3576 1266 3639 Lac-

281 3682 370 3744 tantio
386 3680 470 3743 Tullii
481 3682 614 3745 diuturna
627 3681 802 3746 familiaritas
815 3681 999 3764 professaque
1017 3679 1137 3743 imitatio
1152 3697 1267 3745 ornnem

280 3786 425 3850 vernaculi
439 3787 493 3851 soli
510 3805 642 3872 saporem
662 3788 772 3851 adimit.
1248 3788 1251 3791 ’

322 3889 385 3964 Quo
403 3908 477 3955 anno
492 3898 576 3954 natus
596 3892 643 3968 sit,
660 3910 725 3955 cum
740 3909 841 3953 omnes
854 3890 956 3953 sileant
969 3896 1112 3968 auctores,
1127 3907 1212 3952 nemo
1224 3887 1269 3949 as-

283 3995 399 4056 firmare
422 3994 548 4057 audeat:
584 3994 726 4075 conjicere
749 3966 845 4055 tamen
866 3992 932 4056 licet
956 3993 1065 4056 natales
1087 3993 1151 4072 ejus
1175 4007 1269 4071 neque

282 4096 383 4161 multis
394 4104 459 4161 ante
472 4096 551 4177 CLV,
566 4113 659 4180 neque
671 4096 767 4159 multis
781 4105 846 4179 post
857 4096 949 4159 clxv
961 4114 978 4157 a
992 4095 1103 4159 Christo
1114 4111 1198 4157 annus
1208 4092 1270 4157 ool-

288 4200 433 4283 looandas,
449 4201 572 4265 simodo
587 4200 760 4282 Hieronymo
776 4200 849 4263 fides
861 4199 1019 4263 adhihenda
1033 4206 1087 4278 est,
1102 4197 1270 4279 Septimium
