3200 5067
517 537 700 590 OPUSCULUM
717 538 976 593 eflttosot’tttcttt.
1207 547 1241 597 00

258 673 273 711 a
301 669 363 713 esse
384 651 499 730 quidem
513 656 618 732 potest,
639 668 698 712 non
712 650 822 714 habens
834 669 887 732 per
899 653 977 732 quod
989 655 1036 717 ait.
1054 655 1083 720 st
1101 665 1198 720 autem
1211 665 1241 720 et

265 775 281 816 c
302 757 350 834 sit,
373 761 401 818 et
419 754 523 817 hebent
540 754 646 835 aliquid
668 771 721 836 por
741 755 819 836 quod
836 763 892 833 est,
906 756 962 820 boe
982 757 1035 820 erit
1048 777 1154 841 eorpus
1166 761 1239 841 eius.

257 883 271 922 a
296 859 388 922 Omna
408 859 485 939 quod
508 865 563 934 est,
584 875 688 940 cerpus
704 865 749 920 est
762 858 808 920 sui
820 859 932 936 generis
946 879 954 922 :
970 859 1040 923 nihil
1054 869 1098 924 est
1109 863 1243 945 incorpo-

258 986 272 1026 α
295 964 368 1040 nale,
389 962 444 1024 nisi
456 961 531 1043 quod
549 980 608 1024 non
621 969 662 1024 est
678 963 739 1042 (l).
758 961 839 1024 allis
850 962 977 1026 adducor
989 971 1023 1027 ut
1033 963 1069 1026 B.
1083 966 1243 1045 Augustino

257 1067 419 1142 assentiam,
443 1065 493 1146 qui
514 1065 592 1128 hunc
613 1081 752 1142 errorem,
770 1072 921 1148 postqum
942 1067 1059 1145 neunt,
1083 1068 1129 1132 bia
1150 1068 1244 1132 verbis

259 1177 382 1234 excusat.
410 1169 484 1232 «Ad
506 1169 568 1232 haec
590 1187 747 1250 numquam
770 1175 933 1248 cogeretur,
955 1171 981 1232 si
1000 1171 1106 1253 aliquid
1119 1173 1245 1252 cogitare

262 1296 277 1338 a
299 1281 405 1356 posset,
420 1273 497 1354 quod
517 1278 546 1334 et
564 1274 611 1350 sit,
628 1278 657 1336 et
672 1291 776 1354 eorpus
790 1291 848 1336 uon
866 1273 904 1336 sit
919 1274 980 1354 (a).
995 1273 1102 1338 'timuit
1114 1275 1192 1338 euim
1207 1295 1246 1340 ue

254 1397 276 1439 u
299 1378 376 1440 Deus
387 1375 458 1441 nihil
473 1382 559 1452 esset,
574 1374 599 1438 si
615 1393 720 1457 corpus
734 1393 793 1440 non
806 1383 882 1440 esset
892 1376 981 1458 (3)...
997 1376 1060 1440 Nou
1073 1384 1169 1440 muron
1182 1379 1245 1442 lin-

261 1501 277 1550 e
298 1461 401 1544 relicus
414 1480 481 1542 hinc
498 1478 624 1542 creditur
637 1479 740 1541 lactus.
760 1477 860 1541 Posset
873 1478 950 1541 euim
963 1497 1080 1560 quoquo
1093 1480 1180 1544 morlo
1193 1499 1246 1562 pu·

264 1609 279 1649 a
302 1586 368 1664 teri,
384 1586 477 1665 ipsam
487 1592 619 1647 naturam
629 1583 877 1664 substantiamque
889 1581 1010 1646 diamani
1020 1601 1126 1666 eorpus
1133 1603 1245 1663 rooere,

262 1711 278 1751 c
302 1706 360 1752 nen
376 1687 433 1748 tale
448 1704 565 1767 corpus,
580 1687 666 1768 cujus
683 1692 780 1768 partes
799 1686 860 1750 aliea
881 1689 1017 1768 majores,
1038 1688 1101 1753 aliu
1122 1689 1248 1754 minores

221 1803 222 1812 ’
247 1783 281 1854 ἰ
304 1790 427 1854 debeant
446 1783 575 1868 cogitari,
599 1790 693 1872 qualia
714 1796 782 1851 sunt
799 1790 907 1865 omum,
923 1809 986 1870 qum
1002 1792 1117 1873 proprie
1129 1792 1250 1856 elicimus

265 1916 280 1956 a
303 1911 435 1976 corpore,
460 1892 511 1956 sed
532 1893 682 1972 propterea
702 1909 808 1971 eorpus
822 1891 914 1952 Deum
928 1891 1040 1969 dicere,
1055 1893 1194 1976 quierem
1206 1901 1251 1956 eet

266 2020 281 2060 a
304 1998 386 2076 nibil,
402 2016 460 2059 non
478 2003 521 2060 est
533 1997 668 2072 inanitas,
683 2014 741 2060 non
756 2003 800 2058 est
819 1996 956 2077 qualitas,
972 1998 1023 2060 aed
1039 1997 1069 2060 in
1085 2001 1136 2062 aut
1151 2002 1252 2062 urturt

267 2125 282 2167 a
305 2111 390 2186 atque
403 2102 560 2167 substantia
576 2100 794 2166 immutabiliter
806 2108 958 2182 permanet
973 2102 1033 2182 (b).
1053 2122 1069 2164 a

303 2207 424 2283 Verum,
445 2205 490 2268 his
506 2205 536 2266 in
560 2203 693 2288 praesenti
706 2203 831 2279 omissis,
847 2202 962 2284 adquae
974 2203 1047 2266 inlrt
1061 2210 1249 2282 mutemur,

266 2313 301 2374 ad
321 2311 431 2392 relique
450 2327 613 2392 pergamus.
636 2343 677 2353 —
698 2307 742 2369 Nil
759 2307 851 2385 egerit
864 2305 1036 2368 christianus
1056 2298 1188 2389 scriptor,
1213 2308 1251 2385 ai,

268 2414 391 2478 divinam
403 2401 470 2476 'esse
487 2413 612 2494 aliquam
630 2419 760 2474 naturam
775 2410 914 2493 probasse
928 2417 1089 2489 commutas,
1102 2429 1161 2473 non
1171 2411 1251 2474 illam

197 2557 201 2568 ι
268 2520 282 2579 a
298 2516 554 2580 commentitiorum
572 2516 690 2578 deorum
706 2513 788 2576 turbt
803 2514 834 2576 iu
846 2513 955 2594 regiam
969 2515 1054 2577 unius
1071 2515 1196 2578 numinis
1206 2534 1253 2576 so-

268 2621 415 2684 litudinem
437 2619 629 2682 vindicaverit.
651 2618 714 2692 Quo
737 2636 859 2706 munere
872 2620 1022 2700 postquam
1045 2618 1209 2701 Septimius,
1223 2625 1253 2688 et

269 2723 403 2786 adversius
422 2722 605 2800 Marcionem,
621 2722 650 2784 in
665 2740 699 2784 eo
724 2740 810 2802 quem
824 2723 886 2802 jam
906 2722 1053 2784 attulimus
1071 2722 1146 2800 loeo,
1163 2730 1192 2784 el
1203 2721 1254 2784 ad·

270 2829 368 2892 versus
377 2828 524 2906 Ethnicos,
540 2827 637 2890 multis
648 2827 678 2888 in
692 2825 956 2906 tibris,plenissime
970 2825 1083 2888 iunctus
1092 2833 1146 2905 est,
1161 2834 1253 2888 reata-

269 2931 317 2993 bat
332 2931 479 3014 operosius
490 2931 608 3013 aliquid,
623 2949 727 3013 nempe
741 2930 902 3013 periculum
910 2930 981 2994 illud
990 2932 1161 3013 propellere,
1175 2929 1253 3013 quot

271 3033 306 3095 ab
320 3036 436 3116 antiquo
446 3035 486 3098 'de
499 3035 618 3098 materie
632 3037 738 3099 eterm
747 3052 846 3098 errore
855 3033 955 3098 divine
963 3035 1066 3098 unitati
1076 3033 1254 3098 imminebat.

271 3136 337 3200 llaee
355 3139 435 3201 labes
456 3155 558 3201 omnes
580 3137 766 3220 philosophiae
786 3139 877 3200 scolas
898 3138 1051 3215 infecerat,
1075 3136 1125 3200 sed
1144 3136 1253 3200 nullam

272 3240 361 3318 magis
374 3245 460 3324 quam
475 3242 618 3306 Stoicam:
637 3243 673 3304 ad
687 3261 773 3324 quam
786 3243 805 3307 al
816 3240 969 3304 christiani
978 3241 1126 3323 disciplina
1139 3238 1254 3321 quidam

275 3343 465 3425 Hermogenes
476 3346 613 3424 deflexus,
629 3353 754 3408 nemnem
773 3345 810 3407 de
823 3345 941 3408 materia
955 3345 1159 3408 instauraverat
1170 3343 1255 3408 labu-
1376 3383 1390 3414 .

205 3533 207 3536 Ι
242 3461 249 3472 ·
266 3445 348 3508 lam:
370 3446 444 3510 unde
458 3447 595 3530 Septimio
609 3446 718 3509 occasio
729 3446 802 3524 -luit,
822 3453 855 3508 ut
866 3445 987 3525 ueritati,
1003 3454 1044 3510 tot
1056 3444 1166 3508 seculis
1178 3445 1254 3506 intrl

269 3551 375 3616 ludaeae
385 3553 457 3615 lines
471 3552 708 3634 circumscriptae,¹
717 3571 820 3616 novam
831 3553 925 3616 lucem
942 3550 1182 3616 circumfunderet
1194 3550 1252 3628 (5).

271 3654 425 3738 lostquim
448 3655 535 3736 igitur
555 3675 650 3720 morea
672 3657 878 3738 ingeniumque
899 3656 1022 3719 hominis
1044 3651 1135 3718 solitis
1148 3652 1255 3716 salibus

306 3821 341 3896 (t)
354 3833 390 3885 ue
405 3846 490 3884 carne.
506 3833 608 3896 censu,
624 3835 636 3897 ς
651 3836 691 3885 rr.

307 3920 341 3985 (²)
354 3923 384 3974 ὓ·
405 3927 523 3990 Ausim-2
539 3925 557 3975 l·
573 3925 604 3986 ll,
620 3923 656 3974 (le
667 3925 760 3974 Genes.
775 3923 808 3972 ad
822 3921 871 3971 litt.

306 4014 340 4080 (a)
354 4017 394 4066 ra.
411 4016 449 4066 aa.
515 3993 519 4006 ‘

308 4107 341 4170 (ll
355 4109 408 4166 ln„
423 4108 455 4158 de
469 4109 561 4159 haeres.

309 4197 343 4263 (5)
356 4198 485 4251 Adversus
499 4200 636 4262 llermoq„
650 4198 754 4260 mentm.
806 4234 810 4238 .
