3200 5067
323 560 327 571 ,
367 505 399 556 ur
655 500 696 552 nu
713 501 743 562 a.
761 500 786 551 s
806 501 835 550 r.
853 498 1075 551 rauranumuo

366 617 470 698 quirat.
491 614 664 694 Dein,s1nge
683 613 828 675 fortuitam
841 613 930 675 tuism
940 612 1125 675 societatem:
1141 628 1194 693 par
1211 610 1291 674 illam
1305 620 1351 674 ta-

366 737 434 784 men
453 729 548 784 actum
571 726 614 781 est
637 719 773 800 quidquid
795 717 923 780 suturam
944 723 1127 799 promeretur
1147 722 1288 781 aetatem:
1312 716 1352 778 nil

366 827 442 890 enim
465 827 560 888 anima
580 825 642 886 sine
666 823 760 886 carnis
780 822 939 884 ministerio
954 823 1058 901 gessit:
1083 840 1175 902 eaque
1188 828 1233 884 est
1242 822 1351 901 justitia

367 929 459 1000 diuina
474 936 504 993 ut
522 928 552 990 in
566 929 696 1004 honeste,
712 927 755 988 vel
770 926 892 1007 turpiter
905 926 1045 988 factorum
1058 926 1259 1003 instrumenta,
1274 944 1352 1006 prar-

366 1033 416 1094 mii
427 1032 533 1114 aliquid
542 1032 586 1094 rel
598 1031 728 1112 supplicii
737 1029 888 1093 redundet.
902 1028 982 1091 Hanc
993 1047 1108 1109 quoqne
1119 1028 1219 1090 imitati
1228 1046 1348 1090 somus:

366 1137 429 1224 quis
442 1137 519 1198 enim
540 1135 641 1196 famosi
658 1134 809 1215 cujusdam
832 1133 951 1194 latronis
963 1132 1007 1193 vel
1021 1131 1174 1212 proditoris
1195 1131 1271 1194 aedes
1289 1132 1352 1197 solo

365 1241 665 1324 aequariindignetur‘l
681 1239 778 1320 quisve
787 1239 951 1305 clarissimae
962 1239 1088 1318 virginiu
1103 1256 1249 1319 perquam
1261 1237 1350 1300 Gallia

365 1365 397 1408 sa
410 1347 515 1408 salvam
531 1344 680 1424 gloriatur,
698 1343 783 1406 uerba
797 1362 857 1405 uon
869 1344 983 1425 probet,
997 1345 1076 1421 edm,
1093 1343 1232 1424 templum
1251 1343 1352 1421 ingra-

366 1450 446 1512 diens
460 1450 489 1510 in
503 1468 561 1532 qno
576 1467 626 1511 rex
641 1447 852 1512 consecrandus
865 1455 928 1510 erat
941 1448 1031 1529 ipsius
1042 1447 1181 1511 beneficio
1189 1447 1350 1522 restitutus,

365 1555 536 1636 signumque
557 1573 641 1616 suurn
665 1572 779 1634 gerens,
800 1553 952 1616 britannici
971 1553 1110 1634 triumphi
1127 1553 1348 1614 instrumentum

365 1668 393 1722 et
412 1666 533 1721 testem:
556 1658 707 1738 particeps,
724 1658 828 1738 inquit,
853 1659 904 1718 icoc
925 1658 1008 1719 latui
1023 1657 1166 1729 laborum
1187 1676 1296 1736 equum
1309 1665 1349 1717 est

365 1773 392 1826 et
404 1765 436 1825 in
449 1765 553 1826 decuma
566 1773 675 1844 partem
694 1771 813 1824 uocatur.
840 1782 856 1824 a
877 1763 940 1825 vita
960 1763 1037 1825 enim
1059 1770 1102 1825 est
1126 1780 1213 1824 eausa
1233 1763 1344 1843 judicii,

368 1887 383 1930 c
405 1885 458 1950 per⁴
475 1875 518 1930 tot
533 1866 705 1929 substantias
723 1866 917 1948 dispungenda
926 1905 939 1944 ,-
955 1883 1007 1948 par
1025 1874 1096 1947 quot
1109 1867 1204 1928 sunem
1214 1873 1269 1928 cst.
1284 1867 1346 1945 Age

368 1988 383 2032 a
401 1973 484 2053 jam,
506 1970 636 2033 scindant
658 1971 753 2032 omnis
770 1970 929 2051 animeque
952 1977 1116 2032 contextum
1134 1969 1215 2051 prius
1228 1969 1262 2031 in
1282 1969 1344 2032 aitae

368 2093 383 2136 a
403 2075 660 2151 administratione,
676 2075 840 2136 ulaudeant
851 2075 981 2136 scindere
993 2074 1075 2136 illum
1086 2074 1173 2136 etiam
1187 2074 1293 2136 inritae
1303 2092 1348 2136 re-

367 2199 383 2241 «
405 2180 641 2242 muneratione...
656 2179 712 2242 Sed
724 2179 795 2240 adad
809 2197 867 2240 non
881 2180 941 2240 sola
956 2179 1051 2239 anima
1061 2177 1191 2256 transigit
1203 2179 1300 2256 vitam,
1317 2186 1348 2240 ut

367 2303 383 2344 a
400 2303 454 2346 nec
468 2283 617 2361 cogitatus,
635 2283 701 2345 licet
716 2283 803 2358 solos,
820 2283 887 2344 lieet
898 2300 957 2344 non
971 2282 1007 2344 ad
1020 2283 1152 2344 effectum
1166 2299 1219 2363 per
1231 2299 1346 2344 caruem

368 2407 383 2458 c
406 2389 553 2464 deductos,
568 2387 885 2466 aulemmusaenllegio
900 2387 1032 2449 carnis...
1044 2386 1108 2449 Sive
1118 2385 1195 2448 enim
1206 2385 1236 2446 in
1246 2383 1344 2460 corde,

368 2511 383 2552 c
405 2492 462 2554 sire
476 2492 505 2552 in
519 2492 688 2569 cerebra...
709 2493 753 2554 vel
770 2493 818 2555 ubi
835 2493 884 2555 ubi
898 2491 1075 2574 philosophis
1089 2492 1190 2571 placet,
1199 2490 1346 2572 priucipa—
1380 2469 1387 2480 ⁸

367 2616 382 2658 c
405 2594 470 2658 litas
483 2602 798 2658 sensuumconsecrata
808 2604 863 2675 est,
878 2597 1012 2659 caruerit
1024 2614 1112 2658 omne
1125 2594 1347 2672 auimaecogita·

367 2701 548 2763 o·torium..'.
574 2701 675 2774 Quaere
693 2702 788 2786 adhdc
809 2721 846 2764 an
869 2703 1010 2781 cogimtns
1033 2719 1147 2782 quoque
1165 2713 1344 2781 percurram

367 2826 382 2868 o
405 2805 649 2885 administrentur,
674 2807 723 2887 qui
744 2825 796 2888 per
815 2824 931 2869 carnem
948 2808 1152 2886 dignoscuntur
1164 2806 1344 2869 intrinsecis.

366 2931 382 2972 «
401 2911 517 2974 Volutet
531 2913 636 2994 aliquid
652 2913 757 2991 anima,
772 2912 868 2973 vultus
881 2918 1016 2992 operatur
1029 2910 1184 2972 indicium:
1202 2909 1290 2971 facies
1303 2909 1346 2970 in-

366 3017 560 3079 «tentionem
572 3019 701 3081 omnium
716 3018 863 3099 speculum
876 3023 930 3078 est.
946 3015 1057 3094 Negent
1069 3014 1346 3079 tactorumsociaa

366 3139 382 3180 c
402 3126 472 3197 term
488 3122 534 3183 cui
547 3139 652 3200 negare
666 3119 724 3184 non
738 3127 858 3203 possunt
871 3120 1061 3198 cogitatorum
1075 3119 1135 3199 (t).
1153 3137 1169 3179 a
1244 3133 1246 3135 ’

403 3222 449 3284 itit
462 3224 577 3302 horum,
594 3243 766 3307 quamquam
781 3222 890 3286 satisin
905 3232 1040 3305 promptu
1055 3230 1147 3299 erant,
1165 3221 1273 3302 antiqui
1284 3221 1346 3303 phi·

362 3325 476 3406 loseph-i
497 3328 774 3390 animadverterunt:
800 3329 910 3406 contra,
931 3329 956 3390 si
978 3326 1177 3408 illos‘excipias
1190 3325 1244 3406 qui
1252 3325 1345 3386 invo-

363 3431 478 3511 luptatis
490 3431 649 3495 doctrinam
665 3453 695 3496 se
709 3434 814 3496 dedere
824 3435 995 3516 praecipites,
1008 3433 1115 3509 caeteri,
1130 3438 1159 3492 et
1170 3438 1236 3492 ante
1245 3445 1346 3491 omnes

362 3533 454 3611 Plato,
469 3536 597 3616 corporis
611 3555 676 3598 cum
699 3537 794 3599 anima
810 3538 996 3615 societatem,
1010 3537 1184 3612 vintoniam,
1200 3540 1229 3596 et
1244 3548 1345 3614 poena-

362 3641 431 3718 lem,
454 3647 482 3702 at
495 3647 599 3723 prater
610 3648 741 3704 naturam
756 3660 820 3704 esse
837 3642 1038 3720 crediderunt,
1054 3657 1207 3720 veramque
1220 3635 1344 3700 hominis

362 3744 448 3806 vitam
470 3746 532 3807 tum
553 3745 668 3808 demum
691 3747 898 3824 inchoandam,
921 3747 1006 3822 cdm,
1020 3745 1074 3807 his
1093 3739 1342 3824 elapsa'uincnlis‚

363 3847 528 3912 substantiae
541 3868 600 3914 snae
612 3851 794 3915 solitudinem
807 3851 1028 3932 recuperaverit,
1045 3849 1150 3932 quippe
1163 3864 1278 3928 semper
1288 3847 1344 3907 rir-

362 3953 428 4031 tuti,
443 3954 611 4035 prudentiae,
626 3954 759 4018 omnibus
772 3955 866 4032 bouis,
882 3969 986 4036 corpus
997 3953 1201 4036 impedimento
1212 3967 1287 4044 esse.
1302 3985 1344 3994 —

397 4153 430 4218 (l)
445 4156 480 4206 lle
494 4156 599 4208 Resurr.
614 4157 722 4238 cernat
739 4155 778 4208 15.
