3200 5067
360 424 393 491 ao
635 434 676 487 nn
693 436 724 498 a.
743 436 769 487 s.
789 436 818 486 r.
835 432 1056 487 rcnroctnno

360 572 376 614 a
398 548 578 613 conscienlIae
595 548 678 611 tacita
699 548 869 626 commissa,
891 547 966 610 dicet
990 547 1095 628 potius,
1120 545 1291 610 diventilatis
1306 546 1336 609 in

359 676 375 719 ‹
397 656 496 734 vulgus
516 654 694 735 opinionibus
709 654 916 734 publicatamm
931 654 1108 731 litterarum,
1130 672 1215 715 usum
1225 656 1287 736 jam
1307 662 1337 716 et

359 761 477 842 «quasi
502 761 601 822 vitium
634 759 857 821 corroboratum·
884 758 979 820 taliter
1005 758 1226 820 sermocinandi.
1255 757 1336 820 Certe

359 882 375 925 t
397 864 476 945 prior
489 863 583 925 anima
598 863 682 940 quim
702 846 807 937 littera,
825 867 854 924 et
866 878 961 922 sermo
978 861 1065 940 qudm
1077 860 1187 922 liber...
1205 868 1235 921 et
1249 860 1336 923 bomo

358 986 375 1029 e
396 967 551 1049 ipseqndm
565 965 750 1047 philosophus
766 972 796 1027 et
809 971 901 1046 poeta.
918 964 1064 1045 Numquid
1077 966 1147 1043 ergo
1163 965 1336 1027 credendum

300 1081 304 1097 ¹
358 1089 375 1132 r
397 1077 450 1147 est,
465 1070 530 1131 ante
544 1069 730 1130 litteraturam
745 1076 774 1129 el
786 1068 1003 1146 divulgationem
1014 1070 1088 1147 ejus,
1103 1074 1198 1130 mutos
1210 1067 1336 1148 abejus-

359 1191 375 1233 ι
395 1173 473 1235 modi
494 1170 769 1254 pronuntiationibus
792 1172 923 1234 homines
944 1170 1065 1233 vixisset
1087 1172 1178 1234 Nemo
1197 1170 1288 1233 Deum
1309 1177 1337 1233 et
1390 1252 1396 1261 Ι

357 1275 551 1338 «bonitatem
574 1276 654 1355 ejus,
678 1292 764 1337 nemo
786 1282 927 1355 mortem,
958 1291 1043 1337 nemo
1068 1274 1174 1336 inseres
1199 1274 1337 1357 loqueba-

358 1397 374 1439 ε
396 1385 444 1439 tur
460 1377 558 1457 (t)‘ln
774 1359 779 1368 ¹

395 1478 472 1558 Ergo
487 1497 569 1541 mens
581 1479 707 1541 bumana
724 1498 812 1561 capax
826 1479 878 1543 llei
899 1487 953 1558 est,
976 1480 1013 1542 ad
1033 1496 1120 1561 quem
1133 1526 1142 1557 ,
1156 1498 1210 1542 ceu
1225 1479 1296 1543 levia
1307 1480 1338 1541 in

357 1600 452 1659 auras,
473 1584 525 1643 sud
548 1586 649 1643 nature
669 1582 770 1660 sertor,
794 1582 843 1644 ubi
864 1585 1010 1648 secernis
1029 1592 1060 1647 et
1078 1585 1211 1646 vitiorum
1232 1584 1337 1647 catenis
1395 1597 1399 1602 ·

358 1686 490 1749 exsolvit:
508 1686 578 1764 imo,
592 1686 636 1749 vel
651 1694 795 1768 corrupta,
814 1690 858 1750 rol
877 1689 998 1768 caligine
1011 1708 1110 1753 remm
1124 1688 1278 1766 obserata,
1292 1695 1337 1751 ta-

356 1808 424 1853 men
439 1791 474 1853 de
488 1791 603 1871 antiqui
624 1792 738 1853 dammi
758 1791 897 1873 quosdam
917 1798 1012 1854 servat
1028 1790 1177 1869 igniculos,
1192 1792 1242 1872 qui
1259 1790 1337 1853 illam

357 1893 430 1955 ultrd
445 1901 536 1956 certos
556 1894 628 1955 fines
645 1894 772 1976 desipere
788 1912 848 1956 noo
861 1895 969 1957 sinunt.
992 1895 1081 1957 Nemo
1098 1895 1160 1973 Dei,
1176 1914 1261 1957 nemo
1281 1896 1338 1957 ho-

357 1998 442 2076 nesti,
458 2017 542 2061 nemo
558 2016 707 2079 poenarum
727 1998 824 2078 culpas
841 2000 1037 2077 manentium,
1051 1999 1112 2061 sine
1127 2018 1180 2061 suo
1193 1998 1262 2077 vitio
1275 2018 1338 2062 om-

356 2102 426 2164 ninb
449 2103 584 2180 ignarus:
609 2102 647 2162 ild
667 2120 835 2163 communes
856 2120 957 2163 sensus
975 2102 1134 2163 communis
1152 2111 1255 2163 natura
1275 2120 1339 2164 om-

357 2206 436 2267 nium
469 2205 577 2285 pectori
606 2204 707 2266 infixit.
741 2206 785 2267 Ad
811 2207 872 2267 baec
899 2205 1016 2284 integre
1042 2213 1152 2268 naturae
1179 2205 1339 2267 testimonia

358 2324 473 2369 omnem
485 2306 706 2387 disputationem
727 2307 831 2370 Noster
850 2315 947 2369 censet
966 2309 1171 2386 revocandam,
1186 2327 1241 2370 nec
1257 2306 1339 2388 quid·

358 2429 445 2493 quam
462 2410 552 2489 magis
571 2410 740 2487 curandum,
764 2412 850 2490 quim
873 2427 910 2471 ne
929 2411 1123 2473 bumanorum
1145 2430 1275 2474 errorum
1289 2430 1340 2473 re·

357 2532 433 2577 neno
461 2514 561 2576 divinae
586 2512 641 2575 illre
668 2513 802 2575 veritates
827 2512 1034 2591 adniterentur,
1058 2533 1130 2594 quas
1157 2514 1186 2575 in
1206 2515 1339 2577 omnibus

355 2616 467 2697 judices
480 2614 613 2679 constitui
627 2622 751 2696 oportet,
763 2615 787 2677 si
797 2614 861 2695 quis
872 2616 939 2678 velit
948 2635 1059 2697 aequam
1071 2618 1107 2680 de
1121 2618 1237 2697 singulis
1247 2637 1340 2699 quaes-

357 2721 482 2784 tionibus
495 2721 570 2783 ierre
582 2721 763 2783 sententiam.

328 2866 333 2877 κ
398 2826 495 2890 Habes
504 2833 591 2889 tolum
604 2826 732 2907 Septimii
742 2824 780 2887 de
793 2824 913 2886 bomani
928 2824 1034 2902 ingenii
1051 2825 1219 2908 auctoritate
1232 2826 1340 2888 doctri-

358 2950 425 2995 nam
436 2953 443 2994 z
455 2951 518 2995 earn
528 2933 564 2994 de
577 2912 696 2993 utilitate
710 2928 849 3009 epubtioo
861 2929 911 2991 illo
925 2947 1011 2991 sensu
1028 2928 1179 2992 derivandi
1194 2930 1340 3010 protessus

359 3043 402 3099 est
416 3037 589 3117 opinionem,
604 3042 636 3096 ut
649 3036 814 3116 praenuntiis
834 3034 921 3113 hujus
938 3033 1023 3095 scole
1036 3032 1140 3094 meritb
1159 3034 1342 3096 annumerari

359 3139 459 3220 possit,
475 3158 538 3219 quae
552 3140 568 3199 d
582 3140 732 3199 commaticis
750 3147 843 3201 renato
856 3138 1013 3200 veritatibus
1030 3138 1142 3199 fortiter
1155 3138 1299 3219 occupatis
1312 3144 1342 3199 et

360 3240 589 3302 constantissime
602 3239 735 3319 defensis,
751 3261 857 3305 nornen
878 3246 1022 3325 decusque
1039 3242 1145 3304 nostris
1164 3242 1341 3323 temporibus

361 3340 837 3421 ampullosa-verunmaailtas
848 3347 1340 3427 mlahtclegeailleoaccepimus,

361 3462 421 3505 non
431 3451 463 3505 ut
477 3444 585 3505 steriles
599 3447 696 3506 nostrd
709 3446 739 3508 in
753 3458 849 3512 mente
863 3459 1007 3529 maneant,
1021 3452 1073 3512 sed
1082 3457 1114 3513 ut
1126 3449 1342 3529 argumentandi

362 3556 412 3610 aut
423 3548 700 3614 vivendifiantnobis
711 3553 860 3634 priocipia.
878 3556 907 3619 Si
920 3557 1007 3635 igitur
1022 3574 1185 3637 quaeramus
1197 3555 1341 3635 quomodo

362 3652 418 3714 iilis
433 3652 463 3713 io
479 3653 647 3735 disputando
664 3656 811 3737 (quoniam
820 3658 868 3720 ldc
877 3659 912 3721 de
924 3678 1005 3739 vero,
1015 3679 1073 3721 non
1087 3660 1122 3721 de
1135 3660 1267 3737 honesto,
1281 3659 1343 3737 agi-

362 3757 423 3837 tur)
438 3776 506 3819 usus
521 3759 557 3819 sit
573 3760 739 3842 SeptimiuS,
754 3771 887 3825 cernetur
905 3762 972 3825 huic
992 3763 1171 3844 potissimuim
1189 3780 1343 3842 argumen-

364 3861 442 3925 tandi
455 3862 720 3945 sopmaeadhaerens,
735 3886 799 3949 quae
815 3864 940 3948 sceplico
955 3866 1073 3931 minime
1090 3867 1226 3949 placeret.
1241 3865 1344 3928 Totum

398 4063 432 4129 ll)
446 4066 481 4121 lle
493 4068 588 4118 testim.
602 4068 659 4131 dn,
676 4069 730 4132 lt.
774 4059 778 4067 ’
