3200 5067
530 495 715 551 oruscuttttt
732 494 993 549 callosorfllcttlt.
1219 498 1253 551 27

269 612 446 676 imminentia
476 610 643 691 depelleret.
667 610 770 681 Plures
798 610 886 689 igitur
911 613 946 672 ed
981 617 1142 691 spectantes
1165 610 1253 676 libros

269 714 453 797 conscripsit,
471 732 548 794 ‚quos
568 720 597 775 tu
624 732 660 775 nc
683 712 821 794 despicias
844 713 923 793 quasi
939 711 1009 773 nihil
1030 713 1067 775 ad
1085 732 1140 776 uos
1162 717 1253 795 perti-

253 826 364 901 neant.
380 817 501 899 Quippe,
517 816 621 879 omisso
639 816 715 897 quod
729 816 807 877 nulla
826 822 885 877 tam
899 814 1067 896 temporalia
1080 822 1147 879 sunt
1160 818 1252 882 cilicia

268 938 333 1001 quae
346 938 404 983 non
418 919 454 982 ad
471 919 595 1000 aliquam
609 918 742 983 virtutem
757 918 919 1000 pertineant
932 918 1065 981 omuibus
1077 919 1107 982 in
1121 920 1252 983 aetatibus

266 1024 463 1100 exercendam,
479 1023 625 1103 multaque
642 1030 795 1103 praecepta,
815 1023 833 1083 d
850 1019 1016 1085 Christianis
1029 1022 1103 1085 inter
1116 1022 1252 1086 lithnicos

266 1127 407 1206 exulibus,
423 1128 459 1190 ad
476 1124 649 1190 Christianos
668 1126 697 1187 in
717 1127 836 1205 mundo,
855 1144 970 1207 semper
989 1126 1170 1209 aliquatenus
1185 1127 1252 1189 eth-

201 1278 202 1281 *
265 1234 342 1311 nico,
361 1235 495 1313 degentes
522 1233 671 1298 transferri
694 1238 824 1314 possunt,
846 1232 927 1313 plura
957 1232 1083 1295 continet
1110 1251 1176 1315 pars
1200 1234 1249 1297 illa

264 1334 502 1417 Septimianarum
513 1336 689 1413 litterarum,
704 1333 880 1417 apologetici
895 1336 977 1416 quasi
993 1336 1248 1417 complementum,

264 1438 366 1520 quibus
397 1446 426 1503 et
462 1440 579 1501 historia
611 1439 724 1502 illorum
756 1446 942 1519 temporum,
971 1446 1000 1500 et
1024 1437 1249 1501 Christianorum

262 1541 505 1624 Ethnicorumque
525 1562 640 1605 morum
661 1542 815 1605 discrimen
831 1539 966 1602 illustrari
987 1542 1108 1622 possint,
1126 1560 1248 1624 quaque

262 1644 309 1705 hic
322 1646 456 1707 retulisse
469 1646 546 1707 haud
559 1644 733 1725 poenituerit.

302 1748 326 1810 l.
342 1749 516 1812 Praeclarum
526 1752 593 1811 sane
607 1749 802 1831 spectaculum
816 1750 891 1813 acies
903 1749 939 1811 ad
952 1750 1080 1830 praelium
1095 1752 1245 1830 instructa,

263 1854 328 1914 crim
343 1853 518 1931 adsignatam
531 1852 585 1914 sibi
599 1852 721 1933 quisque
733 1852 884 1914 stationem
899 1852 1011 1915 sortiter
1023 1872 1177 1935 occupans,
1190 1855 1247 1918 im-

262 1964 361 2036 petum
378 1956 468 2017 hostis
481 1956 618 2017 immotus
634 1960 775 2036 expectat,
790 1954 900 2016 interea
914 1954 1016 2017 ducem
1034 1955 1168 2018 brevibus
1181 1974 1246 2021 rer-

261 2058 305 2119 bis
318 2077 385 2121 suos
404 2041 601 2125 adhortantem
615 2060 654 2121 ita
670 2059 794 2121 universi
813 2059 943 2137 audiunt,
960 2060 1042 2140 quasi
1058 2079 1112 2123 vox
1124 2061 1246 2123 sanctis·

258 2160 331 2222 sima
354 2162 455 2242 patriae
481 2180 513 2223 se
540 2160 642 2223 civium
663 2161 760 2223 virtuti
783 2162 988 2225 committentis
1011 2163 1040 2224 in
1065 2163 1244 2243 singulorum

259 2280 344 2325 aures
358 2270 386 2327 et
399 2272 515 2345 pectora
530 2264 694 2327 descendat.
710 2264 765 2329 Sed
775 2264 871 2328 nescio
885 2284 934 2342 an,
943 2266 1095 2344 ingruente
1108 2284 1244 2346 persecu-

258 2367 346 2447 tione,
369 2369 493 2431 nobilius
513 2368 620 2450 aliquid
639 2368 700 2431 risu
724 2368 950 2433 Christianorum
970 2376 1063 2433 castra
1082 2370 1239 2452 praebeant.

257 2467 336 2532 Tunc
364 2471 492 2533 omnium
518 2470 594 2533 oculi
622 2470 650 2532 in
676 2470 839 2548 Christum,
868 2490 958 2534 unum
985 2472 1094 2535 militiae
1116 2473 1239 2552 ducem,

256 2586 420 2656 uertuntur3
444 2586 512 2641 tunc
532 2578 592 2660 ipsa
612 2584 704 2640 mater
722 2578 859 2657 Ecclesia,
883 2586 975 2640 matre
995 2579 1055 2658 illa,
1075 2580 1112 2642 de
1129 2582 1187 2660 qua
1210 2581 1239 2641 in

256 2681 481 2759 llachabeeorum
495 2682 568 2745 libro
583 2682 714 2761 legimus,
734 2683 811 2746 haud
830 2682 960 2760 inferior,
979 2683 1009 2743 in
1024 2702 1059 2746 eo
1073 2691 1132 2746 tota
1146 2692 1191 2747 est
1207 2692 1239 2745 ut

256 2792 389 2847 natorum
407 2786 617 2848 multitudinem
638 2784 812 2865 spiritalibus
837 2785 925 2846 arnus
950 2791 1015 2847 ante
1028 2785 1157 2866 praelium
1176 2787 1240 2848 ins-

204 2886 216 2909 '
257 2894 343 2965 truat,
360 2888 389 2949 in
403 2889 463 2949 acic
475 2887 603 2950 labentes
617 2887 717 2965 erigat,
733 2894 868 2949 nutantes
881 2888 1046 2963 confirmet,
1059 2888 1172 2951 fortiter
1186 2889 1238 2952 de-

256 2989 429 3052 certantibus
453 2990 622 3067 gratuletur,
647 2988 764 3051 victoria
795 2989 882 3050 simul
905 2990 1019 3069 vitaque
1046 2990 1158 3051 iunctos
1179 3009 1237 3052 uon

255 3100 313 3155 tarn
328 3094 429 3155 defleat
443 3094 529 3173 quarn
544 3092 718 3170 magnificet,
734 3092 861 3168 interim,
877 3092 1062 3182 querentibus
1076 3093 1237 3155 certaminis

159 3190 162 3197 ’
252 3196 417 3281 ¹violentiam
430 3197 569 3276 majorem
590 3214 654 3258 esse
674 3196 759 3277 quarn
779 3213 831 3277 pro
845 3195 978 3256 humanis
994 3195 1100 3258 uicibus
1114 3214 1236 3278 respon-

255 3302 330 3378 deat,
346 3300 503 3382 impiasque
517 3300 543 3361 vi
557 3300 680 3363 ueritatis
696 3300 938 3362 murmurationes
954 3308 1124 3382 compescat.

292 3404 381 3482 Digna
396 3404 466 3465 sane
478 3402 531 3464 ruit
546 3402 677 3484 Septimii
689 3402 849 3483 eloquentia
861 3420 926 3484 quae
940 3402 1015 3467 iuter
1029 3410 1123 3467 tantos
1136 3423 1234 3469 armo-

251 3528 316 3572 rum
330 3510 463 3591 strepitus
472 3508 528 3571 late
539 3516 695 3586 resonaret,
712 3508 869 3587 dignissimi
884 3528 979 3571 mares
990 3509 1131 3572 Fidelium
1144 3511 1233 3573 animi

251 3610 299 3690 qui
316 3609 426 3673 bellicis
445 3608 595 3675 Christiani
614 3608 716 3690 Tyrtaei
738 3608 913 3671 carminibus
932 3611 1013 3689 (narn
1026 3609 1093 3671 rere
1107 3609 1232 3671 carmina

249 3715 329 3795 sunt)
344 3715 581 3777 accenderentur:

291 3840 306 3881 c
328 3820 356 3883 si
368 3818 529 3882 certaminis
539 3820 654 3882 nomine
671 3820 746 3882 Deus
760 3820 843 3881 nobis
858 3818 992 3899 martyria
1006 3817 1165 3899 proposuit,
1177 3836 1231 3899 per

251 3942 266 3983 c
289 3942 351 4004 quae
365 3942 430 3985 curn
450 3924 611 3986 adversario
635 3924 841 4004 experiremur,
856 3921 1009 3984 liberalitas
1024 3922 1053 3982 in
1066 3922 1122 3983 hoc
1137 3919 1228 3997 magis

251 4046 267 4087 a
289 4030 372 4107 quam
390 4028 527 4091 acerbitas
543 4027 656 4091 Domini
679 4029 816 4090 cernitur.
831 4028 967 4091 Evulsum
985 4026 1062 4090 cuim
1081 4024 1226 4092 hominem

252 4148 266 4191 c
289 4130 323 4193 dc
337 4130 440 4195 diaboli
454 4132 519 4209 gula
538 4150 589 4211 per
607 4130 705 4209 fidem,
722 4131 783 4210 jarn
805 4138 834 4192 et
848 4130 1050 4193 inculcatorem
1065 4130 1127 4210 ejus
1139 4126 1227 4190 voluit
