3200 5067
518 423 704 476 orosouauu
720 424 981 478 ruinosornroau.
1066 414 1098 444 ⁴·
1147 469 1154 486 .
1196 428 1245 485 res

266 555 280 598 a
302 553 360 600 non
377 536 528 615 conuenit,
550 545 652 600 cetera
671 555 785 620 quoque
807 539 899 600 aliena
923 548 1000 602 sunt.
1024 539 1155 620 haesisti,
1173 542 1246 628 Psy.

264 640 391 717 aohioe,
415 641 440 702 si
459 640 539 717 uelis,
562 640 671 706 vincula
694 639 849 722 disciplinae
864 641 957 717 ‚atim
980 644 1041 726 (l).
1061 644 1170 724 ulmo,
1193 653 1241 726 tu,

262 743 389 826 Septimi,
408 743 487 806 neoth
508 743 725 822 argumentandi
747 743 837 825 leges,
860 765 923 826 quae
945 750 963 808 a
983 732 1242 826 fortioricoirelahi

261 845 366 924 sinant,
384 847 420 911 erl
439 847 539 926 fortias
559 845 676 908 oanninb
697 851 804 908 vetant.
819 846 879 909 Nisi
892 849 967 910 torte
979 851 1071 931 prima
1085 849 1124 913 ibi
1139 848 1242 916 funesti
1309 849 1314 854 ’

262 949 365 1011 erroris
386 952 495 1012 semina
516 933 702 1031 sparguntur,
717 949 766 1028 qui
788 956 876 1012 totam
890 952 1025 1016 Ecclesiae
1039 935 1240 1035 hierarchiam,

261 1051 391 1114 humanae
404 1051 546 1134 superbiae
558 1051 721 1131 indulgens,
736 1053 885 1133 subuertit,
896 1058 1096 1137 sacerdotium,
1109 1059 1242 1124 ominibus

262 1156 507 1232 communicando,
526 1156 666 1234 destruit,
689 1159 938 1241 evangelicamque
957 1179 1073 1249 vocem,
1089 1162 1242 1244 Septimia·
1349 1222 1367 1243 ,

260 1277 329 1322 aum
351 1261 387 1322 ad
408 1259 582 1342 exemplum,
607 1259 819 1342 interpretando
843 1265 1023 1347 corrumpit:
1046 1267 1176 1339 arbitres,
1203 1269 1241 1329 ibi

262 1362 391 1433 saeuo,
411 1364 474 1426 treet
487 1364 581 1444 tout(
602 1362 628 1443 ).
852 1351 868 1366 ’“
971 1431 974 1437 ,

299 1465 336 1528 11.
352 1466 471 1546 lterum,
486 1467 681 1551 paenitentiam
697 1465 917 1531 tornicatoribus
932 1470 1091 1548 negandam
1105 1471 1240 1535 adversim

260 1568 409 1650 Pspchicos
423 1571 590 1648 defendens,
602 1589 668 1646 ecoe
676 1577 753 1632 totus
765 1571 860 1652 (quasi
873 1569 1014 1633 lasciviam
1026 1570 1161 1636 Catholici
1173 1591 1240 1654 pro·

260 1676 445 1755 pugnarent),
466 1674 497 1736 in
514 1675 656 1757 pudicitie
669 1675 768 1740 laudes
788 1675 858 1753 abit,
878 1693 964 1755 quam
980 1695 996 1736 a
1013 1682 1171 1752 utmorem
1185 1677 1239 1738 ho-

262 1796 276 1837 a
298 1796 374 1856 rom,
394 1779 532 1842 honorem
553 1796 723 1860 corporum,
738 1778 871 1842 decorem
892 1796 1024 1856 seruum,
1047 1779 1237 1858 integritatem

261 1901 274 1940 c
297 1882 454 1963 sanguinis,
469 1883 555 1946 tidem
573 1883 697 1969 generis,
718 1883 934 1945 tundamentum
949 1881 1118 1961 sanctitatis,
1133 1884 1239 1964 praeju·
1314 1905 1320 1915 ·

262 2004 277 2044 a
298 1986 402 2048 dicium
423 1986 516 2050 omnis
529 1987 612 2049 bonae
626 1985 730 2048 mentis
745 1988 807 2067 (3),
824 2007 840 2048 e
856 1987 964 2050 meritis
975 1986 1082 2048 extollit
1095 1986 1235 2049 laudibus.

259 2090 328 2152 Ilein
348 2090 550 2172 impudicitiam
575 2097 607 2152 ut
629 2091 825 2170 gravissimum
849 2089 953 2152 vitium*
969 2095 1142 2168 exsecratur,
1158 2091 1237 2171 quasi

258 2159 407 2256 nos⁸illam
428 2211 481 2274 pro
504 2193 558 2255 leui
582 2191 676 2274 aliquh
695 2195 768 2256 noxh
788 2193 971 2256 haberemus.
993 2192 1075 2255 Libet
1093 2191 1237 2275 integram

258 2297 365 2362 relerre
379 2299 485 2376 locum,
501 2297 648 2378 Septimio,
665 2304 697 2359 ut
710 2316 763 2377 ego
778 2298 891 2379 opinor,
906 2296 1121 2376 dignissimum:
1138 2314 1238 2360 cernes

258 2410 362 2482 quanta
372 2402 524 2466 verborum
534 2402 626 2483 copia,
639 2401 795 2482 quantavis
807 2400 1016 2482 eloquentiaein
1027 2417 1239 2482 aacuumspar-

181 2529 183 2538 ’
257 2513 351 2584 gatar,
367 2507 415 2569 ubi
430 2507 537 2570 orantis
551 2524 585 2569 ea
598 2506 722 2570 conditio
736 2511 780 2568 est
797 2512 829 2568 ut
841 2505 912 2567 nihil
927 2504 988 2586 ipsa
1001 2521 1087 2568 causa
1099 2503 1236 2586 prebeat,

258 2611 409 2691 omnaque
422 2613 500 2672 extri
514 2611 592 2673 illam
604 2611 796 2693 conquirenda
808 2610 866 2673 sint
877 2628 885 2669 τ
898 2625 915 2669 c
927 2607 1045 2677 blacchia
1055 2607 1153 2689 quanti
1162 2607 1237 2670 aesti-

259 2732 275 2774 o
296 2715 400 2777 manda
420 2714 457 2776 sit
478 2715 604 2792 sceleris,
625 2715 718 2796 prima
738 2715 783 2776 lex
802 2713 852 2776 Dei
870 2716 976 2796 praesto
999 2719 1061 2774 est:
1083 2712 1235 2792 siquidem,
1321 2731 1329 2743 ·

259 2836 274 2878 a
296 2825 361 2898 post
380 2818 557 2880 interdictam
581 2817 739 2880 alienorum
762 2819 883 2881 deorum
906 2815 1149 2898 superstitionem,
1172 2824 1238 2899 post

199 2917 202 2924 ’
260 2943 275 2984 a
297 2923 465 3005 imperatam
478 2923 507 2983 in
520 2929 652 3003 parentes
667 2923 821 2985 secundam
835 2922 919 2985 abeo
932 2920 1110 3000 religionem,
1125 2922 1235 2984 nullum

259 3027 373 3089 «aliud
394 3025 422 3088 in
446 3027 547 3090 talibus
571 3025 661 3088 titulis
681 3027 828 3089 firmandis
851 3025 1069 3106 muniendisque
1081 3023 1236 3088 substruxit

259 3149 274 3192 a
296 3137 470 3212 praeceptum
494 3131 600 3211 quim:
626 3129 690 3194 Noa
705 3130 891 3192 mechaberis.
917 3127 1007 3202 Quale
1029 3129 1163 3190 hebetum
1173 3131 1235 3209 jam

259 3257 274 3299 a
288 3234 432 3312 intellige,
446 3236 528 3318 cujus
537 3233 737 3297 cohibitionem
747 3240 813 3314 post
821 3232 989 3296 idololatriae
997 3231 1147 3295 ordinavit.
1160 3231 1235 3293 Nihil

259 3362 274 3404 a
297 3342 452 3405 secundum
464 3339 639 3420 longinquat
656 3341 674 3400 h
694 3339 798 3420 primo.
824 3338 906 3412 Quod
926 3339 959 3399 fit
977 3356 1012 3400 en
1032 3336 1136 3418 primo,
1158 3336 1235 3398 aliud

259 3462 275 3504 a
296 3442 505 3525 quodammodo
526 3442 650 3524 primum
671 3448 724 3504 est.
746 3439 845 3524 ltaque
863 3440 984 3506 moechia
1003 3439 1106 3503 adlinis
1118 3439 1241 3502 idolola-

258 3567 273 3608 a
295 3548 367 3611 triae.
390 3547 461 3610 Nam
482 3553 511 3608 et
532 3545 689 3608 idololatria
711 3544 841 3608 moechiae
861 3545 975 3608 nomine
995 3549 1024 3606 et
1042 3540 1236 3605 fornicationis

281 3771 541 3838 ¹(t)1teltionogam.,
557 3771 570 3834 i
584 3769 625 3822 lh.

178 3874 183 3882 '
206 3899 209 3904 ·
290 3862 323 3927 (ἵ)
338 3865 374 3916 De
385 3865 485 3916 exhort.
501 3863 626 3927 Gastit.‚§
642 3864 666 3913 7.

291 3957 324 4020 lh)
339 3958 375 4008 lle
387 3957 490 4019 Punic..
505 3957 516 4019 5
534 3958 556 4008 l.
