3200 5067
395 479 441 528 158
670 476 711 530 DE
728 479 758 539 Q.
777 477 803 526 S.
822 477 848 526 F.
868 475 1098 550 leonumlonum

392 608 492 654 eorum
505 589 647 652 amentius
661 609 725 670 quoe
747 597 900 669 unguntur
914 598 943 651 et
959 597 1115 652 comuntur
1128 591 1213 670 quim
1227 610 1291 671 que
1304 594 1364 655 solo

391 695 462 758 adiri
475 701 597 778 possunt
617 694 771 758 intellectu.
789 729 826 744 —
840 695 914 758 Vera
927 700 1035 772 autem,
1050 701 1078 757 et
1092 694 1221 776 pulchra,
1237 703 1269 758 et
1278 695 1364 775 bona,

391 820 457 883 quoe
474 820 540 884 pars
560 802 644 880 louge
663 803 827 883 major-est,
847 800 1031 864 hohristiano
1044 800 1123 862 tonte
1139 800 1368 864 manifestissime

391 895 540 982 oriuntur;
565 923 710 986 quumque
728 922 841 983 magnae
859 903 936 984 laudi
957 905 992 968 sit
1011 902 1158 985 Septimio,
1182 923 1284 969 eorum
1304 925 1368 988 quae

393 1009 449 1072 ilde
462 1009 587 1086 tenebat,
603 1008 778 1071 intellectum
799 1009 972 1089 quaesivisse,
988 1011 1136 1088 quaesitum
1154 1010 1308 1088 inuenisse,
1321 1010 1367 1073 in·

392 1118 506 1174 ventum
528 1111 661 1174 omnihus
675 1111 845 1192 eloquentiae
857 1115 977 1192 gemmis
990 1114 1150 1193 decorasse,
1165 1115 1256 1178 multo
1275 1117 1367 1197 majos

392 1216 481 1297 ipsios
495 1215 631 1278 doctrinae
652 1215 738 1278 decus
761 1224 815 1294 est,
833 1237 896 1298 quoe
915 1237 947 1280 se
960 1218 1001 1281 illi
1016 1219 1138 1301 praehuit
1160 1220 1365 1283 elucidandam.

391 1319 457 1383 Sola
479 1319 555 1382 enim
577 1319 644 1400 quid
664 1318 739 1382 Deus
760 1327 788 1382 et
808 1320 934 1382 mondus
953 1322 1073 1386 intense
1092 1323 1223 1386 different
1242 1324 1366 1402 edocuit,

392 1423 468 1487 unde
489 1441 587 1486 rerum
601 1429 704 1484 natura
718 1423 838 1501 oriatur,
861 1443 947 1504 quem
962 1426 1100 1488 adfinem
1113 1425 1226 1488 condita
1240 1435 1270 1491 et
1282 1447 1367 1492 exor-

392 1536 458 1590 nato
471 1527 566 1605 luerit,
582 1546 646 1609 quoe
659 1528 696 1590 sit
709 1529 842 1592 humanm
864 1529 977 1607 animae,
992 1549 1106 1613 semper
1125 1533 1208 1594 antee
1226 1539 1275 1594 aut
1293 1534 1368 1596 oltri

393 1634 509 1696 modum
522 1633 718 1712 magnificatae,
731 1633 819 1694 autin
829 1634 1001 1697 immeritam
1015 1636 1157 1718 depressae
1166 1637 1366 1714 humilitatem,

391 1757 458 1801 cera
480 1747 594 1818 natura,
613 1757 737 1820 ueraque
756 1739 889 1820 dignitas.
912 1740 993 1804 Unde
1010 1743 1132 1823 judicari
1151 1750 1244 1826 potest
1261 1744 1319 1806 utri
1334 1745 1371 1807 de

392 1845 521 1923 ueritate,
546 1851 576 1907 et
595 1844 773 1927 philosophie
794 1847 899 1909 meliis
921 1846 1096 1924 mereantur,
1121 1850 1171 1930 qui
1189 1850 1371 1912 christianam

394 1950 480 2014 fidem
493 1949 684 2014 acerbissimis
698 1950 769 2012 odiis
783 1960 996 2034 persequentes,
1018 1959 1129 2015 tantum
1146 1953 1243 2017 lumen
1256 1962 1298 2018 tot
1307 1957 1370 2036 jem

392 2053 502 2118 seculis
517 2071 683 2130 accensum,
699 2053 782 2116 toties
796 2053 833 2116 de
847 2054 971 2116 humant
986 2055 1095 2118 rohone
1113 2057 1222 2137 optime
1234 2058 1369 2120 meritum

393 2159 557 2237 extinguere
580 2158 721 2236 nituntur,
743 2166 776 2221 nt
795 2159 984 2241 philosophie,
1008 2179 1110 2224 cecam
1124 2180 1177 2244 per
1189 2170 1302 2226 noctem
1315 2183 1369 2242 gn-

395 2261 547 2326 bernatore
568 2263 716 2339 destituta,
735 2264 764 2324 in
787 2282 866 2326 mare
887 2265 1028 2327 referatur
1047 2272 1089 2328 tot
1106 2266 1258 2344 naufragiis
1280 2268 1368 2349 incly-

394 2373 475 2443 tum;
490 2385 527 2428 an
547 2367 595 2447 qui
616 2367 693 2428 illam
713 2367 779 2430 fidei
800 2386 865 2428 curn
888 2368 1086 2450 philosophie,
1112 2369 1162 2432 llei
1188 2389 1254 2432 com
1274 2372 1370 2435 homi-

394 2469 478 2532 nibus
495 2471 671 2548 societatem,
686 2471 855 2552 {equissimis
869 2473 1008 2552 legihosl
1022 2473 1131 2537 Christo
1145 2476 1337 2553 constitutam,
1353 2479 1370 2538 ei

394 2575 499 2636 sanctis
513 2574 646 2640 Ecclesiae
661 2575 790 2639 Patribus
806 2577 880 2638 inter
893 2578 1029 2659 supplicia
1045 2576 1249 2658 consecratam,
1263 2583 1279 2642 n
1293 2600 1371 2642 sum-

395 2679 450 2742 mis
464 2679 566 2760 quihus
580 2679 750 2744 Scholastica
764 2682 860 2744 floruit
873 2681 1036 2744 doctoribus
1050 2687 1260 2762 coarctatam
1273 2685 1371 2766 splen-

395 2783 548 2847 didissimis
561 2785 752 2848 recentiorum
762 2794 879 2850 aetatum
893 2786 1013 2867 ingeniis
1034 2787 1165 2868 religiose
1181 2789 1369 2868 observatam,

271 2889 272 2894 ’
395 2897 493 2953 nostro
504 2891 636 2973 tempori,
646 2909 698 2973 per
707 2898 749 2953 tot
757 2891 855 2952 ruinas
864 2891 900 2953 de
909 2892 1027 2954 rationis
1035 2893 1201 2958 infirmitate
1213 2895 1367 2974 admonito,

393 2993 524 3076 apprime
546 2995 745 3073 necessariam,
770 2995 837 3057 totis
858 2994 952 3057 fovent
974 2996 1096 3078 viribus,
1120 3006 1237 3086 totoque
1255 3007 1369 3081 pectore

393 3100 615 3180 amplectuntur.
