3200 5067
533 502 718 555 orusuutun
736 503 994 556 ruinosomrcon.
1200 475 1205 481 ’
1230 506 1254 557 o

656 1063 795 1153 CAPUT
823 1064 868 1151 ll.

307 1274 481 1327 SEPTIMUS
503 1276 692 1339 accensuit,
717 1276 893 1329 rtcrtonts
914 1277 1002 1342 itum,
1027 1276 1214 1328 DEFENSOR.

668 1548 865 1560 ——-——

314 1832 405 1907 Quam
425 1832 571 1914 splendide
586 1835 721 1901 adversius
735 1836 931 1900 Romanorum
951 1837 1026 1899 lleos
1040 1835 1194 1920 Septimius
1207 1838 1257 1901 sti·

276 1934 378 2017 pendia
396 1936 545 2014 meruerit,
558 1956 644 2004 nemo
658 1948 701 2003 est
715 1940 763 2022 qui
772 1940 890 2004 nesciat.
905 1940 939 2003 ln
953 1960 1011 2023 quo
1028 1940 1082 2005 etsi
1096 1942 1178 2005 facile
1197 1941 1257 2006 lor-

276 2042 357 2103 tassis
371 2041 499 2105 rideatur
520 2044 629 2107 docere
647 2064 704 2107 ooo
724 2052 918 2126 repugnanter,
931 2044 1161 2127 quandoquidem
1179 2045 1257 2108 nulla

271 2144 344 2241 Jam,
358 2165 452 2228 neque
465 2153 615 2228 poetarum
638 2146 752 2227 sabulis,
775 2167 869 2226 neque
888 2166 1032 2226 augurum
1051 2148 1171 2227 artibus,
1187 2149 1259 2211 fides

273 2250 471 2331 adhibebatur,
486 2260 594 2331 tarnem
616 2253 728 2335 penitius
741 2272 804 2316 rem
819 2253 973 2330 intuentes,
988 2269 1045 2313 uon
1068 2270 1161 2333 parrae
1173 2252 1257 2317 molis
1314 2338 1318 2341 ἡ

272 2373 306 2417 ca
329 2356 417 2420 luisse
438 2355 592 2420 fatebimur
614 2376 678 2439 quae
699 2376 779 2420 novae
803 2356 959 2440 disciplinae
982 2355 1143 2419 obstabant.
1165 2358 1256 2421 Taceo

272 2459 349 2539 qubd
362 2459 500 2522 acerrima
513 2458 554 2523 illi
567 2460 641 2523 bella
658 2461 784 2540 gerenda
801 2466 882 2523 erant
891 2478 957 2522 curn
972 2459 1104 2523 omnibus
1118 2461 1257 2542 cupidita·

272 2562 357 2641 tibus,
373 2563 476 2644 quibus
490 2564 590 2628 secure
604 2563 679 2645 apud
693 2562 840 2638 Euboicos,
855 2570 1000 2627 annuente
1014 2563 1170 2627 Nominum
1183 2584 1256 2629 oon·
1374 2645 1379 2653 .

272 2667 346 2741 cilio,
365 2667 507 2747 indulgeri
525 2676 655 2749 poterat:
672 2676 750 2731 taoeo
770 2667 845 2750 qubd
869 2668 1009 2730 tumidam
1028 2668 1106 2731 illam
1121 2672 1166 2731 sul
1180 2670 1256 2733 fidu-

272 2771 357 2848 ciam,
369 2772 505 2849 altissime
520 2772 647 2835 humano
665 2774 773 2854 pectori
790 2772 917 2850 insitam,
933 2780 963 2835 et
981 2779 1024 2834 tot
1040 2772 1154 2853 egregie
1166 2773 1255 2837 facto-

272 2892 349 2951 rum,
365 2881 397 2936 ut
416 2874 575 2953 ridebatur,
592 2876 713 2954 lentem,
729 2875 866 2937 radicitus
882 2873 1054 2956 suscipiebat
1066 2876 1253 2955 evellendam,

270 2996 325 3041 nec
337 2978 435 3040 vitium
450 2977 530 3055 vino,
551 2978 706 3060 Epicureas
727 2979 887 3061 voluptates
906 2978 1000 3041 Stoica
1018 2978 1171 3061 snperbia,
1186 2998 1256 3062 pro-

271 3082 338 3164 pelli
351 3084 522 3166 patiebator.
538 3080 612 3145 Illud
626 3082 717 3143 ullum
734 3090 850 3145 notetur
862 3081 960 3159 velim,
981 3082 1068 3163 quod,
1084 3083 1182 3147 multis
1191 3086 1254 3165 jam

271 3188 398 3266 saeculis,
422 3174 573 3251 romanum
605 3187 756 3269 imperium
785 3204 960 3268 romanaque
983 3183 1082 3266 religio
1110 3190 1253 3253 connubio

270 3292 365 3356 stabili
379 3294 418 3355 itai
434 3293 509 3357 inter
523 3312 554 3355 se
568 3292 719 3373 conjuncta
735 3296 829 3367 erant,
847 3296 890 3367 ut,
916 3290 945 3351 in
968 3290 1090 3373 antiquis
1104 3290 1251 3371 institutis,

269 3416 322 3481 per
335 3418 399 3481 quaa
412 3398 441 3461 in
462 3398 491 3460 id
510 3395 712 3477 magnitudinis
725 3395 885 3478 respublica
906 3402 1044 3476 creverat,
1066 3396 1191 3480 primum
1206 3398 1253 3461 lo-

270 3521 335 3564 cum
349 3502 470 3585 publicae
482 3502 635 3583 religiones
656 3500 827 3563 obtinerent.
843 3496 980 3561 Romanae
1003 3498 1068 3561 urbi
1080 3500 1180 3562 sedem
1193 3519 1251 3563 non

269 3608 323 3670 uisi
337 3609 484 3691 auspicato
498 3608 639 3671 Romulus
650 3606 789 3688 elegerat;
805 3606 927 3687 primam
942 3600 1140 3666 Romanorum
1153 3601 1250 3681 lugam

269 3710 381 3795 Jupiter
394 3712 490 3776 Stator
510 3719 707 3775 converterat:
733 3710 772 3773 nil
794 3726 945 3772 romanum
965 3706 1028 3769 sinc
1047 3705 1100 3767 diis
1115 3713 1248 3785 gestum:

270 3814 390 3899 denique
405 3835 455 3879 arx
470 3816 548 3880 urbis
571 3816 670 3878 eadem
693 3814 770 3878 lovis
790 3813 825 3876 0.
841 3812 879 3874 Μ.
895 3811 972 3874 aedes
994 3808 1120 3872 dedicata
1142 3810 1248 3872 luerat.

269 3918 357 3998 Ergo,
371 3921 522 4003 postquam
545 3920 646 4002 priscae
659 3918 790 3995 virtutes,
804 3934 870 3977 vera
892 3912 995 3996 prolati
1016 3912 1129 3995 imperii
1151 3930 1248 3989 causa,

270 4021 412 4103 fugerant,
431 4022 547 4086 ultimus
568 4029 716 4106 supererat
734 4018 825 4082 lacilis
845 4019 893 4082 ille
912 4016 1068 4080 Numinum
1082 4012 1186 4090 cultus,
1201 4011 1250 4093 qui

271 4126 341 4189 nulli
360 4128 464 4213 flagitio
478 4128 618 4207 obstabat,
634 4123 830 4205 Romanisque
851 4122 961 4204 copiam
983 4118 1113 4195 laeiebat,
1129 4122 1173 4194 ut,
1188 4115 1250 4216 lor·
