3200 5067
436 524 438 528 ·
461 506 463 510 '
533 502 717 555 OPUSGULUll
735 502 991 555 PlllLOSOPlllCUll·
1214 506 1248 556 55

268 616 413 679 veritatem
430 622 555 679 utantur.
570 615 697 697 Denique
708 616 749 677 nil
760 617 903 695 omittant,
916 626 949 679 ut
960 616 1010 679 Dei
1027 637 1147 699 regnum
1161 621 1246 683 etiam

269 720 296 779 in
311 720 367 783 hoc
380 710 484 783 seculo
498 719 696 781 constituatur.
1277 714 1286 730 '

307 828 339 883 2⁰
359 823 402 885 lla
422 833 622 887 sencrtcunrs·
638 860 675 870 -—
693 824 869 905 Opuscnlum
884 827 920 889 de
934 828 1118 908 Spectaculis,
1140 831 1245 891 seueris

268 944 393 1007 quoqne,
415 928 463 990 sed
479 946 536 989 non
557 928 631 989 ultra
652 928 737 1008 quam
758 929 826 991 satis
847 938 900 1008 est,
919 931 1067 1012 praeceptis
1083 934 1244 1013 repletum,

155 1080 162 1091 .
267 1034 415 1093 admenta
438 1031 602 1111 conscripsit
617 1030 785 1112 Septimius,
809 1040 841 1095 ut
859 1034 1049 1112 Christianos,
1073 1036 1247 1116 prasertim-

268 1152 323 1215 que
344 1136 581 1211 catechumenos,
608 1134 643 1195 ab
665 1135 800 1199 adeundis
822 1137 950 1217 gentium
969 1138 1138 1218 spectaculis
1163 1158 1245 1201 auer-

268 1244 351 1300 teret.
367 1237 428 1299 Non
443 1238 520 1301 enim
543 1238 659 1301 deerant
676 1238 736 1319 qui,
753 1242 858 1303 laxiora
875 1243 1043 1320 suadentes,
1065 1244 1134 1306 nibil
1154 1245 1183 1305 io
1200 1245 1245 1306 his

267 1343 479 1405 remissionibus
495 1344 562 1425 jure
585 1342 757 1425 reprehendi
778 1345 992 1423 contenderent,
1016 1365 1105 1425 quarm
1128 1346 1198 1408 nihil
1215 1348 1245 1409 in

268 1446 308 1507 ais
328 1446 496 1523 inveniatur,
516 1448 593 1529 quod
614 1466 672 1509 non
692 1447 781 1509 dlleo
799 1447 962 1509 hominibus
979 1466 1145 1510 concessum
1161 1457 1246 1531 atque

266 1550 432 1613 attributum
455 1548 550 1615 luerit.
573 1550 681 1623 Quibus
696 1568 868 1627 occurrens,
886 1552 960 1612 hanc
979 1551 1063 1613 docet
1082 1570 1145 1614 esse
1161 1572 1244 1614 com-

266 1672 381 1717 munem
407 1654 542 1735 peccandi
564 1654 722 1729 rationem,
748 1660 780 1714 ut
807 1643 882 1715 bona
907 1662 1145 1734 corrumpantur;
1171 1656 1243 1718 nihil

264 1759 340 1821 enim
355 1761 372 1820 d
386 1759 444 1820 Deo
463 1757 608 1819 conditum
624 1775 686 1819 esso
705 1756 781 1837 quod
799 1776 858 1818 non
882 1758 999 1818 materia
1014 1758 1155 1820 scelerum
1179 1759 1243 1820 elfi-
1348 1747 1366 1804 ἦ

266 1862 374 1939 cietur,
391 1863 486 1943 ipsum
508 1876 621 1942 quoqne
642 1860 805 1937 hominem,
829 1858 981 1937 imaginem
1000 1857 1070 1933 Dei,
1091 1877 1147 1920 non
1171 1878 1243 1940 opus

265 1966 389 2043 tantum,
412 1966 448 2027 ab
473 1965 521 2028 illo
548 1964 703 2045 saepissima
730 1964 828 2025 averti.
855 1961 956 2024 Paucis
978 1962 1074 2042 itaque
1096 1963 1243 2042 profligata

265 2089 351 2152 qnam
369 2068 497 2131 infideles
514 2068 706 2131 defensionem
723 2066 952 2158 praetendebant,
979 2064 1016 2125 ad
1040 2065 1187 2127 solvendas
1207 2068 1243 2128 sr-

265 2175 371 2237 delium
395 2174 582 2237 dubitationes
603 2192 633 2235 se
654 2179 744 2235 totum
765 2170 922 2245 convertit,
940 2168 988 2249 qni
1009 2170 1169 2249 spectacula
1187 2189 1242 2233 no-

266 2280 395 2343 minatim
417 2280 447 2340 in
469 2278 621 2359 scripturis
638 2276 779 2358 prohibita
800 2294 857 2338 non
877 2293 940 2336 esse
956 2271 1143 2334 mirabantur.
1168 2273 1241 2337 Ras-

265 2382 382 2464 ponder,
403 2383 467 2445 adm
487 2380 508 2442 ii
528 2380 765 2443 commendantur
779 2381 826 2459 qni
838 2380 869 2439 in
884 2378 1001 2440 rendlio
1021 2378 1238 2456 impiorumnon

264 2489 403 2565 obierant,
433 2507 490 2550 uno
517 2485 652 2548 vocabulo
681 2484 765 2546 ctiam
794 2481 955 2564 spectacula
983 2481 1139 2559 contineri,
1165 2482 1238 2546 facili

263 2592 382 2655 transitu
400 2592 434 2655 de
449 2588 603 2670 genare'ad
621 2587 759 2669 speciem,
776 2586 844 2647 item
864 2603 983 2666 pompas
996 2586 1013 2645 a
1026 2584 1108 2646 nobis
1122 2584 1151 2646 in
1168 2585 1239 2667 bap·

264 2698 346 2759 tismo
365 2694 588 2777 rejectas'puid
604 2692 757 2753 aliudesse
776 2691 862 2770 qnam
876 2686 1086 2750 idololatriam?
1107 2688 1193 2766 unde,
1215 2691 1239 2751 si

263 2806 350 2861 totam
373 2798 600 2880 spectaculorum
625 2792 774 2855 materiam
799 2791 957 2855 idolotatria
972 2790 1107 2852 refertam
1122 2790 1238 2853 invene·
1277 2800 1282 2807 ’

263 2904 324 2981 ris,
356 2902 517 2965 ahsolutum
543 2918 604 2961 esse
631 2896 811 2978 nequaquam
846 2893 1004 2956 Christiano
1032 2892 1097 2953 talia
1123 2894 1239 2974 partici-

263 3007 367 3089 panda.
388 3006 476 3085 lgitnr
494 3004 586 3085 pergit
605 3000 758 3084 Septimius
779 3000 815 3062 de
835 2998 1062 3080 spectaculorum
1084 2998 1239 3077 originibus
1277 3062 1282 3069 ,

265 3128 403 3191 quaerere,
419 3109 455 3171 de
468 3105 642 3181 nominibus,
664 3102 857 3184 apparatibus,
878 3101 962 3180 locis,
982 3100 1101 3177 artibus,
1122 3101 1240 3193 idolola-

178 3254 181 3259 -
263 3214 359 3292 triam,
379 3213 493 3294 quoquo
508 3230 539 3273 se
553 3208 739 3284 converterit,
754 3206 981 3288 deprehendens.
999 3204 1143 3283 Originem
1164 3205 1239 3266 enim
1314 3246 1317 3250 -

262 3317 417 3399 inquirenti
431 3323 539 3378 constat
552 3314 634 3377 ludos
658 3330 756 3373 ornnes
773 3310 848 3371 inter
861 3309 990 3387 religiosa
1005 3308 1115 3385 haberi,
1134 3306 1239 3385 Conso,

262 3424 376 3500 Libero,
392 3420 487 3497 Marti,
500 3419 571 3490 lovi,
590 3420 606 3479 d
622 3416 745 3479 Romulo
765 3420 794 3475 et
808 3412 869 3475 aliis
883 3412 1000 3473 dicatos.
1016 3411 1098 3484 Quod
1114 3410 1257 3489 singulo,

263 3546 338 3605 rum,
368 3526 426 3589 sive
448 3541 607 3599 sacrorum,
633 3520 690 3582 sive
709 3518 837 3580 feralium
868 3516 983 3577 nomina
1008 3516 1188 3576 confirmant.
1211 3515 1240 3577 Sl

265 3632 299 3693 ad
314 3632 457 3693 circenses
472 3626 652 3709 potissimdm
675 3630 796 3704 spector,
815 3638 937 3701 qnorum
959 3618 1089 3697 cupidine
1109 3635 1179 3693 gens
1193 3635 1251 3678 ro-·

264 3753 349 3795 mana
360 3735 471 3811 flagrat,
488 3727 618 3791 totusrei
632 3726 763 3805 gerendae
772 3730 926 3806 apparatos
938 3720 1124 3784 idololatriam
1139 3721 1239 3803 spirat,

266 3811 444 3914 caerimoniae,
468 3836 548 3897 locus
568 3834 629 3914 ipsc
643 3833 658 3893 a
673 3830 796 3893 venefica
819 3830 877 3890 filia
895 3826 952 3891 Soli
973 3831 1111 3902 sacratuS,
1133 3825 1242 3902 singula

267 3940 332 4001 circi
346 3945 513 4002 ornamenta
528 3939 544 3997 a
557 3954 609 3998 suo
626 3933 744 3996 numine
763 3932 895 3994 habentia
914 3949 1031 4007 nomen,
1050 3929 1145 3991 omnia
1159 3926 1243 3988 deni-

267 4061 322 4123 que
335 4042 539 4107 daemoniorum
554 4046 627 4102 coetu
643 4043 791 4116 occupata,
806 4036 880 4122 inter
898 4055 962 4116 quac
975 4034 1070 4095 nullus
1085 4029 1242 4091 Christiano

1137 4160 1154 4208 d
