3200 5067
378 456 411 505 ae
660 449 701 500 ne
718 450 748 512 o.
765 449 793 499 s.
811 442 840 500 r.
857 411 1077 500 minnistono

381 586 397 627 r
414 564 534 631 instituit
546 557 723 640 Aristoteles
739 560 876 623 artificem
890 561 1018 623 struendi
1032 566 1061 621 et
1079 559 1256 637 destruendi,
1270 562 1361 623 uersi-

379 692 395 733 c
417 672 520 753 pellem
534 671 564 733 in
584 667 742 743 sententiis,
756 673 885 729 coactam
905 663 936 726 in
956 663 1138 745 conjecturis,
1152 663 1256 725 duram
1268 663 1298 725 in
1310 682 1360 725 ar-

378 795 393 834 r
417 771 570 851 gumentis,
593 769 753 852 operariam
778 770 1005 846 contentionum,
1031 769 1179 831 molestam
1200 768 1285 829 etiam
1306 768 1360 831 sihi

378 898 394 939 r
417 877 482 958 ipsi,
495 875 590 939 omnia
604 880 818 950 retractantem,
828 874 943 954 nequid
956 874 1073 935 omnind
1090 873 1252 936 tractaverit
1268 874 1358 954 (1).›

417 979 556 1060 lienique,
567 996 625 1040 non
635 975 845 1057 philosophiam
851 977 974 1055 tantum,
986 977 1037 1038 sed
1044 976 1195 1053 rationem,
1208 977 1268 1038 imd
1282 996 1360 1039 com·

377 1101 466 1145 mune
479 1080 607 1143 omnium
629 1079 664 1141 de
678 1077 735 1139 veri
756 1077 875 1158 salsique
895 1078 1059 1141 ducrimine
1075 1077 1228 1158 judicium,
1250 1079 1360 1156 granis-

378 1184 450 1247 sima
463 1180 634 1245 contumelia
646 1179 743 1256 afficit,
759 1178 837 1258 cim,
862 1180 899 1242 de
920 1162 1013 1242 morte
1026 1179 1129 1243 Christi
1143 1180 1295 1258 disserens,
1311 1200 1359 1243 ex-

377 1274 498 1349 clamat:
516 1304 532 1347 c
547 1284 668 1347 Prorsus
675 1283 810 1353 credihile
821 1289 875 1361 est,
887 1283 953 1364 quia
966 1284 1095 1365 ineptum
1104 1288 1188 1374 estu
1203 1290 1248 1345 et:
1267 1302 1360 1346 «cer-

380 1408 397 1451 r
419 1398 480 1453 tnm
493 1395 548 1466 est,
564 1388 630 1469 qnia
644 1386 818 1468 impossihile
832 1396 877 1449 est
890 1388 951 1469 (2).
967 1408 983 1451 r

418 1484 550 1567 Quamvis
563 1492 624 1553 hec
638 1490 744 1568 omnia,
762 1490 909 1570 multaque
928 1490 982 1553 alie
996 1490 1026 1553 in
1039 1490 1170 1553 eamdem
1188 1490 1359 1553 sententiam

376 1596 479 1659 Noster
492 1593 649 1675 scripserit,
665 1599 760 1655 tamen
773 1610 833 1653 non
846 1593 907 1655 sine
924 1594 1089 1673 munimime
1103 1610 1201 1656 errore
1213 1594 1359 1673 misologis

379 1696 624 1761 adnumerandum
638 1714 750 1757 censeo.
773 1695 872 1776 Neque
889 1698 993 1778 (dicam
1009 1697 1087 1759 enim
1102 1696 1191 1759 libere
1202 1698 1279 1779 qnod
1290 1716 1359 1761 sen-

377 1804 431 1884 tio)
447 1803 600 1885 quidquam
621 1802 743 1876 horum,
757 1800 781 1862 si
802 1808 877 1863 notae
897 1801 1022 1877 hominis
1040 1802 1071 1864 in
1087 1802 1205 1864 dcendo
1219 1799 1358 1864 nimietati

373 1906 581 1990 aliquantulum
599 1904 748 1981 concedas,
765 1904 891 1966 ueritatis
914 1905 986 1967 fines
1008 1905 1127 1967 excedit.
1144 1903 1226 1977 Quod
1245 1912 1278 1966 nt
1297 1905 1359 1967 elu-

377 2019 449 2087 ceat,
466 2018 554 2073 totam
567 2027 628 2072 rem
642 2016 670 2071 et
683 2008 840 2069 rationibus
854 2013 883 2071 et
896 2008 1032 2089 exemplis
1042 2008 1127 2069 altius
1135 2014 1309 2088 repetemus.

417 2114 578 2175 Humanam
604 2112 743 2173 rationem
766 2110 843 2173 intra
864 2112 936 2173 flnes
962 2112 1135 2174 arctissimos
1152 2112 1303 2189 contineri,
1322 2114 1357 2175 de

377 2216 474 2278 multis
491 2223 597 2290 tacere,
613 2231 678 2294 quae
701 2220 796 2274 tamen
821 2215 954 2291 cognosci
968 2216 1011 2277 rel
1028 2215 1142 2277 maximi
1157 2218 1254 2278 nostra
1269 2215 1357 2278 inter·

379 2325 432 2395 est,
455 2317 531 2394 imd,
551 2316 593 2377 sic
618 2315 699 2377 malis
722 2315 852 2377 moribus
875 2317 1112 2400 opinionibusque
1130 2318 1288 2400 depravari,
1312 2327 1355 2396 nt,

377 2420 463 2482 etiam
478 2419 552 2482 intui
573 2417 712 2480 terminos
733 2435 804 2481 snos
822 2426 966 2498 contenta,
989 2423 1025 2484 de
1044 2423 1123 2484 recta
1141 2422 1184 2485 vit
1201 2422 1357 2504 saepissime

376 2523 512 2599 discedat,
530 2522 654 2603 antiquae
668 2522 826 2602 praesertim
841 2523 931 2585 cateth
945 2524 1141 2606 philosophos,
1154 2527 1213 2587 toti
1227 2524 1281 2602 via,
1297 2532 1356 2588 toto

377 2627 448 2691 coelo
463 2626 541 2688 haud
556 2626 644 2687 semel
668 2625 828 2702 aberrasse,
844 2633 883 2703 et,
904 2627 1067 2690 certissimis
1085 2627 1243 2709 quibusque
1258 2627 1289 2689 in
1301 2629 1356 2692 du-

376 2733 455 2796 bium
469 2732 584 2810 vocatis,
605 2732 634 2792 in
651 2732 777 2809 insanas,
792 2732 880 2793 alium
899 2731 966 2808 alid,
982 2732 1085 2796 abiisse
1098 2733 1263 2814 opiniones;
1279 2733 1357 2798 insu-

377 2856 440 2919 per,
456 2838 492 2899 de
506 2844 586 2919 perte
596 2836 748 2918 exploratae
761 2836 816 2899 sihi
829 2835 964 2914 veritatis,
981 2837 1039 2897 sive
1053 2844 1142 2914 metu,
1156 2836 1215 2899 sive
1230 2836 1355 2917 aliquam

377 2942 414 3004 oh
428 2940 512 3005 aliam
532 2959 590 3004 non
611 2939 759 3003 meliorem
780 2957 914 3017 causam,
935 2940 1104 3017 reticuisse,
1126 2939 1273 3021 Deumque
1298 2941 1355 3021 (his

377 3045 453 3107 enim
467 3043 620 3125 Apostolus
635 3042 727 3121 verbis
742 3042 845 3121 utitur)
863 3043 914 3102 eibi
929 3044 1066 3121 coquitum
1079 3062 1135 3103 noo
1149 3050 1181 3104 ut
1195 3043 1281 3105 Deum
1294 3063 1356 3104 mo-

376 3147 526 3226 poiptcoese,
544 3147 619 3207 inter
633 3163 732 3209 omnes
745 3145 914 3207 christianos
933 3146 1084 3226 scriptores
1099 3146 1240 3209 convenit.
1256 3146 1288 3207 ln
1301 3147 1356 3209 hoc

378 3267 436 3309 nno
455 3248 634 3325 dissentiunt,
652 3249 728 3328 quod
748 3248 809 3325 alii,
830 3247 921 3310 aciem
939 3248 1072 3310 hnmanae
1085 3248 1215 3327 rationis,
1232 3266 1291 3311 non
1306 3250 1357 3311 he·

378 3348 472 3410 betem
488 3349 609 3425 tantum,
625 3350 674 3410 sed
689 3349 805 3411 omnino
821 3355 954 3413 caecatam
968 3350 1181 3428 contendentes,
1199 3351 1271 3412 nihil
1285 3353 1356 3414 certi

377 3449 477 3512 divinis
490 3434 521 3509 in
539 3450 625 3511 rebus
639 3450 674 3511 ah
688 3451 735 3513 ille
754 3452 861 3533 percipi
877 3470 959 3531 posse
979 3453 1171 3531 arbitrantur3
1182 3454 1241 3532 alii,
1256 3454 1355 3516 lumen

376 3552 446 3615 illud
459 3552 591 3614 intimum
605 3560 633 3614 ct
646 3555 775 3616 naturale
788 3572 846 3617 non
860 3554 899 3615 ita
916 3555 1082 3617 restinctum
1096 3562 1238 3633 asserunt,
1253 3563 1286 3617 nt
1297 3574 1355 3617 nn-

376 3656 434 3717 hila
452 3657 583 3719 vitiorum
608 3656 782 3737 aliquantium
803 3658 947 3739 depellere
967 3666 1101 3740 nequeat,
1124 3666 1154 3721 et
1168 3659 1305 3721 nonnulla
1317 3660 1354 3722 de

377 3759 448 3837 Deo,
462 3761 498 3821 de
512 3759 651 3837 moribus,
666 3759 786 3823 firmiter
802 3767 910 3823 tenere.
925 3762 1017 3844 Nunc,
1032 3764 1057 3827 si
1068 3784 1178 3847 quaeras
1191 3772 1255 3828 utra
1269 3765 1355 3828 inerit

411 3984 446 4049 (t)
460 3985 497 4036 lle
510 3984 653 4048 praescript.
668 3984 769 4048 haeret,
784 3988 796 4050 5
812 3989 837 4037 7.

409 4073 443 4137 (2)
457 4074 493 4125 lie
507 4086 584 4126 carne
596 4074 699 4137 Christi,
715 4075 768 4137 55.
