3200 5067
501 482 689 535 oruscuuuu
706 482 968 533 PHILOSOPHIGUU·
1196 486 1226 535 bl
1292 538 1303 557 ι

254 618 270 659 r
285 603 394 680 pectet:
404 594 847 685 dilectioquarmlleomagistro,
855 594 990 676 patientia
999 594 1228 672 comitaturus»

252 702 282 765 Si
296 701 380 763 times
397 718 434 761 ne
453 716 534 762 amor
548 705 690 760 amantem
709 697 841 779 decipiat,
862 697 1018 779 proculque
1031 698 1067 761 ab
1089 699 1137 763 itta
1149 700 1232 765 beatl
1262 767 1264 772 ,

252 804 308 866 vita
329 803 452 865 detineat
470 820 556 883 quam
579 808 638 863 toto
659 808 774 883 pectore
796 800 841 862 vel
861 802 940 865 inriti
959 803 1135 883 appetimus,
1157 807 1233 869 bens

254 929 271 970 r
293 908 429 988 gratulari
450 915 479 969 et
501 906 625 985 gaudere
638 925 691 968 nos
705 907 799 983 docet,
814 905 975 983 dignatione
995 905 1095 969 diuinae
1113 908 1235 986 castige-

255 1031 270 1073 «
293 1013 388 1075 tionis.
410 1013 482 1091 Ego,
505 1012 608 1092 inquit,
629 1029 700 1092 quos
723 1009 810 1087 diligo
832 1008 995 1087 castiget)
1016 1027 1131 1072 serrum
1153 1008 1258 1073 illum'

255 1134 270 1177 u
292 1116 421 1193 beatum,
437 1118 519 1196 enjus
533 1113 724 1177 emendationi
734 1112 808 1176 lleus
818 1113 920 1175 instatl
934 1113 981 1175 cui
992 1113 1123 1193 dignatur
1133 1115 1232 1178 irasci!

255 1239 270 1280 r
293 1238 377 1301 quem
399 1198 570 1282 admonendi
595 1216 819 1281 dissimulatione
841 1236 899 1279 non
921 1218 1042 1300 decipit!
1068 1219 1187 1302 Qudqud
1199 1240 1235 1284 ex

256 1341 271 1383 c
292 1330 373 1403 parte
387 1328 437 1383 aut
450 1322 596 1385 erroribus
615 1322 732 1401 nostris,
753 1322 885 1410 aut'mali
898 1321 1018 1398 insidiis,
1036 1331 1087 1385 aut
1104 1324 1237 1388 admoni-
1309 1397 1312 1401 ,

256 1443 271 1486 u
293 1425 416 1489 tionibus
429 1425 542 1488 Domini
563 1425 717 1488 intervenit
736 1443 807 1487 usus
828 1424 982 1505 patientius,
997 1443 1100 1503 magna
1113 1444 1234 1503 merces,

257 1546 272 1589 r
293 1528 411 1592 felicitas
424 1530 541 1593 scilicet.
566 1528 644 1601 Quos
665 1528 855 1591 enim'telices
870 1526 1009 1589 Dominus
1024 1528 1077 1590 nisi
1097 1529 1237 1610 patientes

255 1652 271 1695 c
293 1634 483 1714 nuncupavit,
496 1633 632 1695 dicendo:
646 1633 727 1695 Bruti
734 1650 867 1711 pauperes
875 1632 984 1712 spiritu,
995 1633 1237 1697 illerumestccim

256 1758 272 1799 u
294 1756 409 1817 repuum
432 1736 561 1798 coelcrum
586 1735 656 1819 (2)‘l
671 1756 687 1797 n
705 1734 749 1797 dd
769 1734 840 1796 illud
858 1736 1034 1817 propositum
1048 1737 1130 1800 nobis
1143 1746 1238 1801 certa-

254 1858 321 1903 men
335 1858 387 1921 per
400 1839 565 1922 patientiam
581 1844 740 1915 currentes,
759 1837 853 1900 nullos
867 1838 975 1901 itineris
988 1840 1183 1903 recusabimus
1197 1842 1238 1904 la·

254 1943 356 2007 bores:
369 1944 474 2025 quippe
487 1942 563 2006 [leus
573 1945 700 2006 loturam
712 1942 810 2004 victori
822 1941 971 2023 pollicetur
983 1941 1237 2021 immortalitatem,

256 2054 284 2109 et
307 2047 408 2129 ansilla
428 2048 544 2109 strenue
564 2047 706 2110 dimicanti
725 2047 923 2127 ineffabileque
937 2048 1001 2127 jam
1021 2064 1098 2109 nunc
1117 2049 1239 2111 summi·
1328 2042 1332 2047 ’
1445 2050 1457 2065 “

255 2150 357 2213 nistret
380 2151 526 2230 gaudium.
554 2150 649 2228 Idem,
676 2150 700 2211 si
727 2156 820 2211 toturn
842 2150 908 2212 vitae
933 2149 1081 2230 praesentis
1106 2168 1238 2231 saporem

256 2254 370 2317 amissio
383 2262 549 2318 nostrorum
569 2253 728 2331 abstulerit,
752 2260 922 2335 conceptum
943 2259 1083 2333 temperat
1096 2252 1237 2332 dolorem,

246 2359 324 2421 ,dum
337 2358 535 2438 gratulandum
547 2357 581 2419 iis
594 2357 677 2420 docet
685 2357 734 2439 qui
744 2357 863 2437 protecti
872 2363 951 2434 sunt,
963 2375 1020 2419 non
1030 2356 1236 2419 miserendum,

259 2482 274 2523 u
296 2462 359 2525 Non
381 2470 426 2525 est
442 2460 583 2541 lugendus
606 2460 655 2541 qui
674 2462 826 2539 antecedit,
851 2461 901 2523 sed
918 2460 1002 2542 plane
1021 2458 1236 2523 desiderandus.
1351 2520 1361 2539 ,

259 2584 275 2625 u
296 2565 328 2627 Id
343 2583 457 2647 quoque
470 2563 640 2627 desiderium
653 2564 787 2644 patientia
799 2565 1054 2646 temperandum...
1067 2562 1238 2645 Namquein

260 2689 276 2731 u
298 2670 342 2731 bis
352 2671 439 2732 rebus
454 2668 628 2751 impatientia
638 2675 666 2730 ct
674 2668 736 2749 spei
745 2675 852 2731 nostrae
862 2670 936 2731 male
945 2668 1101 2745 ominatur,
1114 2674 1144 2729 et
1151 2668 1237 2730 tidem

262 2792 278 2833 c
299 2773 509 2853 praevaricatur.
525 2772 561 2835 ut
575 2771 719 2837 Christum
734 2771 877 2850 laedimus,
891 2772 957 2834 cum
971 2777 1101 2834 evocatos
1109 2787 1238 2850 quosque

263 2896 279 2939 c
300 2877 410 2953 abillo,
426 2876 505 2957 quasi
514 2877 702 2954 miserandos,
713 2891 771 2937 non
780 2873 1139 2956 aequanimiteraoeipimus
1149 2872 1235 2954 (3).›

300 2978 470 3061 Patientiam
482 2984 568 3043 stoica
582 2978 715 3061 superbia
735 2981 884 3060 mentitur,
896 2981 1049 3045 christiana
1056 2977 1159 3042 caritas
1172 2993 1238 3053 ger-

259 3082 359 3147 minat.

292 3284 327 3349 (t)
341 3284 378 3335 lte
391 3285 457 3348 Pac,
472 3286 484 3350 5
499 3286 539 3338 ta.

292 3375 327 3441 (b)
341 3375 377 3427 be
391 3377 456 3440 Pet,
469 3377 481 3441 ξ
495 3379 535 3427 tl.

292 3466 328 3528 (5)
342 3465 378 3516 Ite
392 3465 457 3530 Pat,
476 3465 488 3529 t
503 3468 527 3518 e.
