3200 5067
511 475 697 527 OPU'SCULUM
715 475 973 527 rhltbsurnlcun.
1198 476 1231 527 25

251 594 298 649 tur
311 586 422 649 occasio
436 594 468 649 ut
482 588 677 669 imprudenter
689 586 812 650 oblatam
825 588 965 669 arriperet
974 590 1229 670 comparationem,
1314 651 1318 659 ,

216 742 220 749 ,
251 697 335 773 atque
356 690 422 752 iude
443 690 613 753 clarissimos
633 691 794 771 christiane
818 691 972 773 dIseiplinae
995 700 1110 773 pararet
1126 692 1231 753 trium·

251 794 334 875 phos,
349 793 425 856 unde
439 792 480 855 illi
494 794 588 857 clades
606 795 728 857 maxima
744 796 909 877 parabatur.
927 795 991 859 Sne
1005 794 1083 857 enim
1100 793 1230 857 omnium

252 897 426 979 antiquitatis
435 898 670 981 philosophorum
682 900 839 963 doctrinam
848 901 876 962 in
887 900 1050 962 universnm
1059 899 1229 981 perlustres,

253 1002 322 1084 quid
341 1003 418 1066 aliud
436 1021 537 1067 rernm
549 1006 635 1086 qndm
652 1006 798 1069 confusam
813 1006 894 1086 quasi
917 1003 1125 1068 sententiarum
1140 1003 1231 1065 eciem

252 1106 326 1167 inter
347 1125 384 1169 se
398 1108 606 1187 pugnantium‘.l
628 1108 691 1171 Siue
707 1108 832 1188 singulas
853 1109 1000 1187 scruteris
1020 1107 1097 1170 nulla
1112 1115 1154 1169 est
1167 1126 1233 1189 quae

252 1227 354 1297 secum·
363 1210 531 1288 consentiat,
546 1211 622 1273 nulla
639 1230 702 1293 quae
713 1212 839 1273 ueritatis
853 1212 1032 1293 particulam,
1047 1211 1100 1272 sibi
1113 1210 1232 1273 leliciter
1256 1192 1265 1201 ’

252 1314 386 1375 ollensam
402 1314 463 1395 (l),
481 1315 715 1393 gravissimorum
729 1316 764 1379 de
778 1316 848 1394 Deo,
860 1317 895 1379 de
904 1315 1020 1377 homine
1033 1333 1165 1377 errorum
1174 1332 1233 1377 non

249 1416 421 1497 admistione
432 1418 643 1481 adulteraverit.
657 1420 700 1482 Nil
714 1421 821 1483 mirum
833 1420 920 1498 igitur
938 1420 975 1497 si,
985 1438 1082 1481 veram
1097 1420 1231 1495 hominis,

252 1540 404 1605 ueramque
427 1524 476 1586 Dei
501 1533 631 1587 naturam
654 1527 837 1602 ignorantes,
864 1526 912 1586 illa
934 1544 1049 1607 quoque
1071 1527 1234 1588 nescierunt

253 1627 317 1689 inde
339 1630 501 1705 delluentia,
524 1631 588 1710 quis
609 1632 718 1692 homini
739 1632 803 1693 imis
817 1639 1004 1712 proponatur,
1028 1632 1095 1713 quid
1108 1646 1234 1694 ursum-

254 1749 333 1792 mum
347 1732 456 1794 bonum
467 1734 504 1794 sit
517 1733 720 1814 appetendum.
739 1734 793 1795 dlii
808 1736 894 1812 enim,
911 1742 1003 1797 totum
1016 1735 1134 1797 humani
1146 1735 1233 1797 animi

256 1835 471 1917 belluarumque
486 1838 615 1903 tollentes
629 1836 793 1915 discrimen,
806 1841 868 1918 ejus
882 1838 958 1900 modi
972 1856 1117 1899 summum
1126 1838 1235 1899 bonum

255 1939 472 2019 constituerunt,
495 1941 581 2021 quod,
607 1960 664 2003 non
686 1948 714 2003 te
737 1941 884 2020 erigendo,
902 1942 952 2005 sed
966 1948 1065 2003 contra
1085 1941 1115 2002 in
1137 1941 1234 2003 infima

254 2049 428 2123 terrenaque.
436 2044 618 2122 demittendo,
631 2046 792 2124 contingere
807 2064 905 2127 queas.
921 2046 975 2106 dlii
986 2046 1141 2105 humanam
1152 2052 1236 2106 natu·
1345 2071 1349 2077 ·

253 2164 328 2223 ram,
342 2166 378 2209 ne
392 2150 471 2209 humi
479 2151 599 2230 jaceret,
615 2151 642 2211 in
658 2151 762 2213 coelum
772 2157 934 2227 evexerunt,
950 2149 1074 2212 divinem
1084 2157 1234 2212 aeternam·

253 2271 309 2333 que
321 2252 479 2333 lingentes:
497 2256 572 2318 unde
582 2264 644 2319 orta
658 2262 713 2334 est,
727 2257 816 2336 qudm
828 2256 993 2337 uoluptatis,
1003 2264 1035 2317 ut
1046 2264 1111 2336 pote
1122 2230 1251 2318 ratione'

251 2357 384 2437 indignae,
401 2368 591 2442 contemptus,
607 2364 668 2423 tdm
678 2362 941 2443 superbaquaedam
956 2363 1000 2423 sui
1015 2362 1230 2442 contemplatio,

252 2461 395 2543 virtusque
408 2464 532 2546 propriis
542 2456 671 2529 laudibus
686 2466 751 2547 plus
765 2484 847 2547 aequo
863 2466 982 2528 intenta.

245 2636 246 2639 Ἴ
290 2568 425 2649 Plerique
439 2570 583 2633 hominem
602 2572 675 2633 intrd
693 2590 724 2633 se
741 2572 926 2643 incluserunt,
945 2572 1073 2652 plerique
1086 2573 1230 2633 flammam

168 2656 175 2661 ”
252 2673 327 2734 illem
350 2674 467 2750 amoris,
490 2674 565 2736 unde
591 2694 689 2737 omnes
713 2692 785 2735 verae
806 2674 924 2736 uirtutes
945 2674 1149 2750 accenduntur,
1168 2692 1232 2736 res-

252 2776 406 2857 tinxerunt·
428 2776 491 2838 Non
509 2778 550 2840 sic
570 2776 726 2840 Christiana
746 2777 904 2858 disciplina,
926 2796 1002 2857 quae,
1026 2785 1153 2838 nostram
1178 2795 1233 2840 nos

252 2886 395 2956 naturam,
408 2886 593 2959 nostramque
606 2882 673 2941 uere
682 2880 785 2941 docens
799 2880 951 2958 originem,
963 2898 1020 2940 non
1033 2880 1115 2941 aliter
1124 2880 1231 2959 expleri

252 3001 335 3063 posse
349 2981 423 3043 sitim
439 2982 547 3063 pectori
560 2989 659 3045 nostro
674 2982 788 3043 insitam
804 2982 910 3062 optime
924 2981 1078 3062 perspexit,
1104 2982 1190 3061 qudm
1206 2981 1232 3043 si

253 3084 358 3165 aliquid
371 3087 449 3147 extrd
462 3086 605 3166 suprdque
615 3102 667 3147 nos
678 3084 875 3173 quaerendum,
888 3083 1053 3160 amandum,
1066 3082 1229 3159 fruendum,

254 3190 389 3267 daretur3
408 3208 501 3270 neque
516 3189 598 3251 aliter
611 3188 754 3251 eharitatis
770 3188 880 3250 vinculo
894 3187 1058 3261 universum
1071 3205 1162 3266 genus
1175 3187 1231 3249 ho·

254 3294 363 3355 minum
383 3312 466 3375 posse
487 3294 635 3373 contineri,
660 3294 744 3375 qudm
767 3293 791 3355 si
808 3311 961 3373 supremus
973 3292 1104 3375 ille,-quo
1118 3291 1233 3355 numini

253 3398 441 3475 adhaeremus,
458 3416 549 3475 amor,
565 3398 692 3461 omnium
706 3398 749 3460 vel
763 3398 936 3476 ignotorum,
952 3397 995 3460 uel
1008 3396 1189 3459 inimieorum
1203 3405 1232 3458 et

254 3504 327 3566 male
337 3502 372 3565 de
381 3502 463 3564 nobis
473 3503 652 3580 meritorum,
665 3502 694 3565 in
708 3501 844 3564 cordibus
855 3501 959 3564 nostris
972 3501 1141 3563 accenderet
1151 3518 1233 3561 emo-

253 3626 333 3669 rem..
344 3594 437 3670 Habes
451 3613 539 3669 totam
552 3608 633 3689 quasi
647 3606 851 3669 Christianismi
865 3606 998 3683 sormam,
1014 3604 1125 3668 duobus
1138 3604 1233 3664 inclu-

254 3729 315 3772 sam
333 3712 493 3793 praeceptis,
516 3720 599 3792 atque
620 3730 677 3774 uno
695 3712 839 3773 charitatis
858 3710 994 3773 vocabulo
1011 3707 1116 3788 optime
1136 3707 1232 3787 expri-

255 3815 405 3876 mendam:
431 3834 488 3896 quu
506 3816 578 3877 nihil
599 3816 720 3896 planius,
743 3815 870 3894 nihilque
883 3813 985 3892 magis,
998 3819 1040 3874 -ut
1060 3812 1181 3889 videtur,
1203 3811 1234 3872 in

254 3923 388 3998 promptu
402 3916 505 3997 situm;
530 3918 568 3981 uil
584 3926 690 3995 uuum,
705 3918 729 3979 si
743 3935 804 3979 rem
819 3917 909 3996 ipsum
924 3922 1043 3997 spectes,
1060 3914 1150 3993 magis
1166 3915 1232 3974 ante

287 4118 322 4183 (Ι)
338 4119 374 4171 lle
388 4121 434 4171 dn.
