3200 5067
527 478 712 530 cruscuxun
729 446 987 531 rnruostrmcun,
1209 480 1243 533 ao

266 610 281 651 o
303 590 749 654 nerationem...Incutiatadhdc
757 590 890 673 Scorpius
900 592 1141 671 (t),homicidam
1151 592 1241 656 Deum

204 729 208 737 ‹
265 694 452 771 «ventitans,
462 693 586 756 horrebo
596 696 681 775 plane
691 714 830 777 spurcum
842 694 1025 777 blasphemiae
1035 698 1131 758 hatum
1141 697 1243 759 dehae-

267 819 282 859 <r
305 799 393 861 retico
409 818 459 861 ore
472 800 635 862 foetentem:
653 801 744 863 sedet
759 800 846 861 talem
860 799 951 861 Deum
966 800 1001 862 de
1010 800 1112 862 fiducia
1126 800 1244 862 rationis

268 922 283 963 c
305 903 470 983 amplectar,
484 906 539 985 qud
549 904 658 966 ratione
671 904 756 967 etiam
775 905 880 986 ipsese
892 904 957 987 pius
973 924 1060 986 quam
1072 903 1244 966 homicidam

267 1026 283 1067 o
306 1006 503 1087 pronunciavit
517 1026 551 1069 ex
564 1008 677 1089 Sophiae
690 1026 750 1071 suae
765 1011 899 1090 persond,
912 1026 979 1071 voce
993 1008 1170 1073 Salomonis:
1192 1008 1246 1072 So-

222 1168 228 1177 ,
267 1109 496 1192 aphia,inquit,
503 1109 643 1191 jugulavit
652 1111 726 1173 filios
738 1130 816 1174 suos.
826 1111 1083 1193 Sapientcrutique
1091 1111 1243 1192 jugulavit,

267 1233 282 1274 <r
305 1214 373 1277 dum
388 1215 416 1276 in
431 1216 528 1285 vitam,
545 1222 572 1278 et
587 1216 775 1291 rationaliter,
791 1216 860 1279 dum
874 1215 904 1277 in
918 1216 1048 1294 gloriam.
1064 1216 1088 1278 0
1103 1215 1245 1297 parricidii

266 1338 281 1379 u
304 1318 463 1397 ingenium!
481 1320 626 1381 dsceleris
639 1320 808 1383 artificium!
825 1338 843 1381 o
859 1328 1060 1397 argumentum
1073 1319 1247 1381 crudelitatis

266 1439 281 1480 a
304 1438 368 1502 quoe
385 1420 490 1483 idcirco
504 1420 616 1497 occidit,
634 1440 669 1483 ne
690 1422 832 1483 moriatur
854 1438 940 1501 quem
961 1420 1110 1482 occiderit!
1127 1419 1163 1481 tn
1182 1418 1248 1481 ideo

267 1545 283 1587 o
304 1526 373 1606 quid
387 1525 537 1613 sequitur?
554 1526 659 1608 Sophia
677 1527 706 1587 in
721 1525 843 1593 exitibus
861 1533 991 1587 cantatur
1004 1525 1134 1606 hymnis:
1152 1532 1248 1587 canta-

267 1649 282 1690 c
306 1638 352 1691 tur
365 1630 440 1691 enim
456 1635 484 1691 et
498 1630 587 1691 exitus
600 1636 810 1711 martyrum...
827 1628 851 1691 Ο
865 1629 969 1692 bonam
985 1630 1123 1691 matrem!
1137 1635 1205 1709 opto
1219 1635 1248 1691 et

270 1752 285 1793 c
307 1733 412 1813 ipsein
433 1734 507 1794 filios
521 1734 584 1813 eius
605 1734 707 1810 redigi,
726 1741 759 1794 ut
779 1733 815 1795 ab
829 1735 863 1794 eh
884 1732 1013 1795 occidar:
1031 1740 1099 1813 opto
1113 1732 1202 1795 occidi
1216 1741 1250 1794 ut
1278 1724 1281 1728 ’

271 1856 286 1895 a
310 1836 386 1904 silius
400 1837 467 1898 siam
483 1837 539 1916 (2).
560 1856 576 1901 t>

309 1940 377 2003 Haec
391 1940 426 2003 ad
441 1960 551 2019 omnes,
567 1941 638 2003 etin
656 1936 801 2025 christiani
820 1942 943 2005 nominis
956 1941 1162 2005 consessionem
1177 1959 1250 2021 prae

235 2085 237 2091 -
269 2044 421 2124 paratoria.
437 2042 625 2124 Sequentibus
639 2048 705 2106 verb
719 2044 895 2107 audientium
915 2045 1037 2107 conditio
1055 2044 1161 2125 aliquid
1175 2044 1252 2106 addit

269 2148 345 2230 quod
359 2148 471 2211 atticam
492 2158 597 2231 epoptes,
622 2167 798 2230 romanaque
822 2158 916 2212 rostra
937 2152 1038 2213 vincat.
1060 2148 1133 2211 Nam
1156 2150 1251 2231 Septi·

269 2251 342 2313 mius
358 2251 534 2314 consessores
548 2269 663 2314 carcere
677 2253 739 2331 jam
758 2251 894 2331 inclusos,
909 2252 1076 2334 Christoque
1090 2254 1163 2315 intrd
1178 2271 1250 2334 pau-

269 2372 318 2417 cos
331 2356 391 2418 dies
405 2356 563 2418 voluntario
573 2344 711 2435 sanguine
726 2356 856 2419 litaturos
870 2358 912 2419 sic
924 2358 1106 2439 adloquitur:

312 2479 326 2520 a
350 2459 457 2521 Exinde
481 2460 613 2537 segretati
636 2460 705 2521 estis
731 2479 747 2521 a
770 2461 889 2523 mundo.
912 2461 941 2525 Si
964 2462 1039 2523 enim
1063 2463 1253 2541 recogitemus

273 2583 287 2623 u
309 2564 402 2644 ipsum
417 2564 506 2641 magis
520 2564 659 2626 mundum
680 2580 825 2626 carcerem
847 2584 920 2641 esse,
936 2566 1028 2628 exisse
1041 2547 1121 2629 vose
1136 2584 1252 2629 carcere

273 2686 288 2726 u
310 2668 395 2747 quam
410 2666 439 2726 in
453 2684 598 2728 carcerem
611 2668 744 2727 introisse
765 2667 970 2745 intelligemus·
985 2668 1105 2748 Majores
1122 2668 1254 2731 tenebras

274 2790 290 2831 o
312 2770 397 2832 habet
411 2772 546 2847 mundae,
563 2790 628 2851 quae
641 2772 789 2833 hominum
806 2770 962 2850 praecordia
975 2778 1126 2833 excaecant.
1140 2770 1255 2834 Gravio-

275 2894 290 2933 o
313 2892 359 2935 res
382 2879 497 2935 catenas
519 2863 769 2949 induit'mundus,
789 2891 854 2953 quae
872 2873 949 2953 ipsas
974 2874 1083 2935 animas
1105 2874 1254 2935 hominum

276 2997 290 3037 a
314 2976 522 3053 constringunt.
540 2976 656 3056 Pejores
670 2973 866 3037 immunditias
880 2975 1005 3055 exspirat
1016 2974 1152 3051 munduS,
1163 2975 1256 3037 lihidi-

277 3098 292 3139 «
314 3096 364 3141 nes
379 3078 540 3141 hominum.
556 3078 658 3140 Plures
679 3078 803 3139 mundus
825 3096 890 3140 reos
913 3078 1050 3155 continet,
1072 3078 1257 3140 scilicetuni-

277 3205 292 3245 c
314 3203 428 3246 versum
442 3184 592 3245 hominum
608 3180 708 3263 genus.
725 3182 834 3245 iudicia
852 3184 975 3265 denique
988 3201 1046 3246 non
1063 3183 1254 3263 Proconsulis,

276 3309 291 3351 t
315 3290 364 3352 sed
378 3288 428 3350 Dei
446 3288 577 3350 sustinet.
593 3287 655 3361 Quo
671 3305 731 3367 vos,
749 3287 904 3365 benedicti,
927 3288 964 3350 de
985 3306 1099 3350 carcere
1115 3287 1146 3349 in
1159 3296 1261 3352 custo-

277 3415 292 3456 n
314 3394 435 3458 diarium
449 3394 472 3455 si
484 3393 559 3456 forte
581 3393 731 3456 translatos
753 3393 928 3455 existimetis.
945 3392 1036 3455 Habet
1050 3392 1194 3470 tenebras,
1207 3394 1257 3454 sed

278 3518 293 3559 o
316 3500 414 3561 lumen
432 3498 500 3560 estis
513 3498 577 3579 ipsi.
603 3496 695 3560 Habet
708 3498 829 3575 vincula,
854 3498 904 3560 sed
927 3515 976 3560 vos
996 3498 1055 3560 Deo
1069 3498 1154 3560 soluti
1176 3497 1255 3558 estis.

279 3623 293 3664 a
315 3604 406 3666 Triste
420 3602 479 3665 illic
493 3602 628 3684 exspirat,
645 3603 695 3665 sed
709 3622 758 3665 uos
772 3603 844 3665 odor
859 3602 926 3664 estis
941 3601 1095 3663 suavitatis.
1105 3598 1196 3661 Judex
1209 3617 1258 3661 ex-

311 3782 344 3848 (t)
364 3764 533 3833 Hunclocum
548 3795 580 3833 ex
597 3781 663 3833 libro
683 3782 846 3846 excerpimus
867 3781 911 3845 qui
934 3781 1079 3842 scorpium
1100 3776 1263 3840 inscribitur,

279 3872 332 3923 sive
346 3872 457 3923 theriaca
479 3872 602 3923 adversus
624 3870 783 3935 scorpiorum
804 3884 930 3933 morsum,
953 3876 1059 3935 propter
1071 3867 1217 3933 quamdam,
1231 3873 1261 3917 ut

280 3962 376 4011 auctori
390 3960 498 4022 videtur,
519 3960 698 4011 Gnosticorum
713 3961 727 4012 h
742 3964 863 4027 martyrio
878 3950 1066 4015 dehortantium
1081 3973 1139 4010 cum
1153 3958 1268 4020 scorpiis

280 4052 480 4104 similitudinem.
937 4030 941 4042 Ι

314 4142 346 4207 (⁶2)
362 4142 505 4207 scorpiace,
522 4142 533 4204 ξ
548 4140 575 4203 6,
593 4142 617 4191 7.
