3200 5067
532 433 715 492 ortl'snumllt
736 439 996 494 rattosorrttcutt.
1208 445 1255 495 lat

283 554 535 631 annumerandam,
561 555 710 635 sapientem
736 557 830 616 onnia
850 575 900 616 rna
925 557 957 616 in
984 575 1012 616 se
1034 555 1138 626 auae,
1167 577 1259 619 ornnes

283 665 388 738 prater
398 677 483 720 arnum
494 660 643 739 sapientem
656 663 730 742 oeqnd
738 661 875 738 insanire,
889 662 1020 724 mundam
1033 663 1258 742 perfectissimam

285 764 526 846 medicinamque
539 766 653 836 animal,
671 765 829 829 docuisset:
846 784 910 848 qum
924 773 953 828 et
966 766 1128 848 complures
1140 766 1189 829 alii
1205 767 1259 828 do-

286 877 412 948 cuerant,
436 877 464 933 et
486 871 617 934 curandis
637 871 748 951 generis
771 872 888 934 humani
910 871 1027 947 morbis,
1042 879 1092 934 aut
1111 871 1194 948 nihil,
1208 881 1259 934 aut

285 973 361 1034 certa
378 991 436 1037 non
456 975 589 1053 multhm,
607 977 783 1058 profuerant.
799 977 903 1058 atque
918 995 955 1038 ne
968 976 1041 1038 lortd
1055 977 1115 1039 haec
1127 976 1164 1037 ad
1179 976 1258 1038 arhi-

284 1075 371 1138 trium
383 1078 452 1157 tingi
465 1079 622 1157 rideantur,
638 1088 714 1142 tanta
723 1081 776 1142 luit
786 1080 951 1160 Septimiani
960 1081 1065 1161 ingenii
1076 1100 1141 1143 oum
1150 1079 1258 1143 Stoico-

286 1197 350 1242 rum
375 1184 534 1263 paradoxis,
559 1188 675 1266 totaque
699 1193 784 1248 sectae
808 1185 935 1248 doctrina
957 1184 1090 1263 affinitas,
1111 1192 1153 1263 ut,
1172 1185 1258 1247 simul

285 1292 370 1366 atque
393 1293 480 1351 stotoo
494 1289 620 1370 quaedam
648 1291 727 1353 illurn
747 1290 923 1353 contumacia
946 1289 982 1351 ah
1001 1289 1133 1352 Ecclesia
1151 1289 1258 1351 unitate

284 1391 416 1472 sejunxit,
432 1392 459 1456 ei
472 1394 649 1475 potissimam
661 1405 744 1459 secta
757 1415 821 1460 sese
832 1395 979 1472 addixerit,
989 1414 1053 1475 quae
1063 1394 1256 1474 Euangelium,

283 1513 341 1558 nou
355 1497 518 1575 christiana,
534 1501 585 1564 sed
598 1503 686 1562 stoica
700 1502 766 1563 rard
780 1500 929 1562 severitate
942 1505 1117 1581 corruperat.

322 1601 399 1665 Talia
421 1603 550 1686 Septimii
570 1606 714 1685 ingenium
735 1605 938 1687 pollicebatur3
962 1605 1019 1667 imh
1037 1604 1101 1666 talia
1119 1603 1255 1680 exhibuit,

285 1707 332 1770 ubi
353 1711 510 1772 naturalem
532 1729 659 1788 cursum,
678 1712 769 1794 ruptis
783 1710 932 1792 objicibus,
953 1710 1034 1792 sequi
1047 1710 1161 1790 incepit.
1177 1709 1258 1772 Nunc

284 1813 308 1875 si
321 1814 456 1896 respicias
470 1817 582 1897 qualem
597 1817 717 1880 lormam
732 1817 870 1895 materiae,
886 1823 917 1877 ut
940 1815 1078 1893 fecundae,
1094 1815 1132 1876 ita
1145 1813 1255 1892 rebelli,

283 1918 433 1982 christiana
457 1919 602 2003 disciplina
622 1922 758 1999 induerit,
781 1920 931 1983 miraberis
950 1920 990 1981 nil
1010 1918 1113 1982 Nostro
1126 1918 1195 1982 boni
1208 1927 1257 1981 aut

284 2024 351 2086 mali
364 2024 449 2088 luisse
462 2026 617 2104 ingenitum
632 2027 708 2109 quod
723 2046 779 2089 non
794 2034 844 2089 aut
858 2027 960 2089 melius
972 2024 1108 2102 effecerit,
1129 2031 1178 2086 aut
1190 2043 1257 2086 oor-

283 2129 397 2208 rexerit,
419 2131 489 2191 nihil
510 2130 631 2194 doluisse
651 2132 726 2213 quod
739 2150 797 2194 non
812 2130 994 2213 suppleverit.
1010 2128 1059 2191 Illa
1074 2129 1177 2212 stylum
1197 2129 1257 2190 ler-

282 2251 363 2296 reum
378 2234 415 2296 ita
429 2236 558 2312 emolliit,
575 2244 604 2298 ut
616 2236 807 2317 exprimendis
818 2235 990 2298 suavissimis
1003 2234 1119 2296 humani
1134 2234 1256 2316 pectoris

282 2340 426 2402 afferabas
441 2349 524 2421 aptus
536 2341 715 2404 efficeretur:
732 2341 778 2402 illa
792 2341 915 2402 immites
928 2341 967 2402 ita
983 2340 1060 2401 llcxit
1073 2340 1193 2416 animos,
1211 2347 1254 2408 ut,

282 2445 316 2508 de
330 2444 455 2508 bonitate
474 2446 578 2523 diuina,
593 2446 629 2508 de
651 2445 809 2509 dilectionis
830 2444 923 2507 olfioio
944 2443 1028 2504 etiam
1044 2462 1110 2522 erga
1127 2442 1256 2505 inimicos

282 2551 473 2634 adimplendo,
489 2553 525 2614 de
546 2552 738 2616 misericordia
758 2571 826 2631 erga
854 2557 1018 2633 peccatores
1039 2550 1206 2628 exercenda,
1221 2550 1256 2611 de

282 2653 416 2734 obsequio
431 2655 615 2738 principibus,
631 2657 716 2718 etiam
737 2654 951 2732 crudelissimis,
967 2652 1072 2727 debito,
1087 2653 1122 2714 de
1135 2652 1183 2714 illa
1195 2670 1257 2712 mo-

282 2774 346 2819 rum
361 2759 498 2820 suauitate
514 2777 565 2840 per
579 2778 675 2841 quam,
689 2761 828 2840 quantam
842 2759 933 2822 diuina
945 2764 1084 2839 precepta
1098 2757 1253 2839 patiuntur,

283 2869 313 2922 ut
332 2863 480 2924 ridentibus
499 2863 632 2935 adnant,
651 2865 690 2925 tn
708 2865 833 2945 antina
851 2865 952 2944 addent
965 2861 1128 2936 Christiani,
1147 2861 1255 2922 tamdia

283 2967 388 3049 optime
402 2969 519 3030 sentiret
532 2976 561 3030 et
574 2969 750 3052 loqueretur,
763 2969 898 3052 quamdiu
911 2965 1063 3031 Ecclesiam
1078 2964 1192 3041 audivit,
1202 2983 1255 3045 op·

283 3073 379 3135 limam
408 3073 565 3138 medietatis
585 3075 661 3138 inter
683 3082 809 3138 extrema
830 3072 975 3136 servandae
997 3069 1181 3149 magistram:
1206 3068 1253 3129 illa

282 3181 360 3243 lerox
374 3181 532 3260 ingenium,
553 3189 581 3244 et
594 3182 749 3245 barbarica
762 3181 843 3262 quasi
866 3179 1002 3242 libertatis
1016 3177 1140 3254 andum,
1154 3176 1253 3238 divinae

282 3287 441 3349 auctoritati
462 3288 491 3349 in
511 3288 635 3350 Ecclesia
648 3287 751 3367 vigenti
765 3287 836 3349 adca
849 3285 915 3347 lecit
930 3284 1144 3364 obsequentem,
1160 3288 1191 3343 ut
1201 3280 1254 3342 oh·

282 3391 419 3474 sequendi
434 3393 628 3455 necessitatem
642 3401 671 3454 et
685 3409 785 3454 causas
799 3391 886 3453 etiam
900 3389 969 3451 alios
982 3389 1107 3451 doceret.
1116 3423 1155 3432 -
1168 3385 1254 3449 Deni-

282 3521 348 3583 que,
362 3502 386 3564 si
394 3502 430 3565 ad
443 3521 476 3564 ea
486 3509 595 3584 spectes
604 3501 706 3585 quibus
717 3501 873 3563 diutissime
881 3506 910 3561 ct
919 3497 1101 3560 libentissime
1111 3496 1254 3559 immorati

281 3625 392 3686 sumus,
410 3607 545 3690 quidquid
559 3624 688 3669 errorum
709 3605 738 3667 in
752 3603 878 3686 Septimii
893 3602 1068 3685 philosophia
1082 3600 1251 3673 notavimus,

282 3714 374 3796 ipsum
389 3714 511 3778 auctoris
525 3713 649 3796 peccarit
661 3712 818 3792 ingenium,
832 3709 937 3773 robore
954 3707 1067 3789 quidem
1079 3713 1108 3768 et
1123 3704 1252 3768 acumine

282 3819 477 3900 conspicuum,
492 3819 612 3881 sednon
627 3817 695 3879 satis
708 3817 753 3878 sul
766 3831 894 3896 compos,
910 3819 939 3875 et
951 3811 1064 3893 saepids,
1085 3809 1252 3890 insequendi

282 3923 386 3986 erroris
408 3925 484 4005 (quae
506 3922 610 3986 Nostro
632 3939 689 3984 una
710 3920 762 3983 luit
783 3937 868 3981 causa
888 3914 1115 4000 philosophandi)
1136 3914 1248 3991 ardore,

282 4030 356 4092 ultra
370 4027 525 4110 prudentiae
537 4026 715 4108 rentatisque
728 4032 819 4087 metas
833 4023 993 4106 abreptum,
1004 4021 1151 4103 praterea,
1162 4038 1249 4100 prop-

283 4142 326 4198 ter
340 4133 491 4216 quamdam
505 4131 699 4209 rusticitatem,
715 4135 764 4192 aut
778 4128 817 4210 (si
831 4127 925 4207 malis)
947 4125 1062 4189 africam
1075 4123 1246 4203 barbariem,
