3200 5067
363 390 380 427 x
749 374 937 427 PliOOElllUll.

365 490 636 574 «philosophorum
665 496 766 567 sectas,
789 505 946 569 omnesque
964 505 1065 550 eorum
1088 486 1259 569 disciplinas,
1283 506 1346 550 om·

365 638 380 680 a
403 636 470 681 nem
492 617 674 681 historiarum
698 635 732 679 ac
757 616 917 680 studiorum
940 616 1103 678 varietatem
1129 614 1200 677 mira
1222 614 1345 696 quadam

364 766 380 807 ι
401 730 504 809 mentis
528 746 682 829 capacitate
698 745 863 827 complexus
884 751 938 806 est.
962 743 1079 823 ingenio
1093 745 1162 806 verb
1176 762 1273 805 nonne
1285 743 1345 804 ιιιιιι
1399 778 1404 785 -

366 892 382 935 ‹
403 874 481 952 gravi
502 892 536 935 ac
556 874 715 936 vehementi
737 871 879 950 excelluit,
906 878 936 933 ut
959 872 1028 934 nibil
1055 871 1111 934 sibi
1131 873 1215 954 pinne
1236 872 1274 933 ad
1295 890 1347 935 ex·

365 1020 381 1060 ι
404 1000 587 1081 pugnandum
602 1000 792 1081 proposuerit,
808 998 882 1080 quod
903 1018 960 1061 non
979 1006 1029 1061 aut
1044 999 1176 1063 acumine
1198 999 1344 1081 irruperit,

365 1148 379 1185 ι
404 1134 453 1189 aut
472 1128 597 1207 pondere
618 1127 733 1189 eliserit.
756 1127 820 1190 lam
842 1129 928 1209 porro
950 1123 1086 1191 orationis
1098 1146 1158 1191 suaa
1170 1128 1270 1190 laudes
1282 1128 1347 1209 quis

364 1275 379 1317 ι
403 1255 518 1335 exsequi
531 1255 645 1319 valeat‘?
660 1275 723 1337 quae
739 1259 814 1317 tanta
829 1256 925 1319 nescio
938 1259 994 1338 qut
1015 1257 1158 1319 rationum
1179 1255 1347 1319 necessitate

365 1403 381 1444 r
403 1388 532 1447 conserta
553 1392 606 1463 est,
630 1392 662 1447 ut
683 1384 719 1447 ad
738 1403 910 1447 consensum
931 1386 986 1463 sui,
1002 1404 1075 1468 quos
1086 1385 1206 1447 suadere
1221 1402 1280 1447 non
1293 1402 1345 1465 po·
1413 1352 1417 1357 ι

365 1530 382 1570 r
404 1510 500 1589 tuerit,
517 1512 655 1594 impellat.
672 1513 758 1595 Cujus
772 1521 842 1595 quot
855 1532 928 1595 pene
939 1513 1036 1591 rerba,
1048 1520 1090 1575 tot
1102 1513 1248 1576 sententiae
1258 1520 1345 1588 sunt;

367 1658 383 1698 a
405 1645 476 1720 quot
495 1658 607 1718 sensus,
625 1648 668 1703 tot
685 1641 820 1705 riotoriae.
836 1642 935 1706 Sciunt
947 1642 1003 1704 boc
1016 1640 1187 1719 Marciones,
1199 1640 1344 1722 Appelles,

367 1785 383 1827 a
404 1766 531 1847 Praxeae,
548 1769 753 1852 Hermogenes,
767 1770 869 1851 ludaei,
882 1770 1017 1850 Gentiles,
1033 1770 1170 1848 Gnostici,
1182 1770 1364 1851 caeterique·

366 1916 381 1957 ‹
404 1914 526 1979 qnorum
541 1901 588 1963 ille
601 1901 804 1984 blasphemias,
819 1902 915 1964 multis
928 1920 962 1965 ac
974 1902 1084 1980 maguis
1093 1900 1270 1964 voluminum
1280 1918 1348 1963 suo.

368 2047 383 2089 a
404 2046 469 2092 rum
486 2029 620 2109 molibus,
634 2031 713 2093 velut
728 2031 898 2111 quibusdam
912 2030 1088 2109 fulminibus,
1105 2030 1204 2093 evertit
1218 2029 1278 2111 (l).
1303 2047 1318 2090 ι

407 2157 489 2231 Quod
502 2158 527 2219 si
541 2158 617 2220 idem
631 2157 784 2239 Septimius
801 2158 848 2236 (ιιι
860 2158 895 2219 Β.
914 2156 1015 2220 Hilarii
1028 2158 1122 2221 uerbis
1135 2159 1213 2239 utar)
1229 2158 1352 2239 sequenti

365 2301 459 2344 errore
472 2282 592 2345 detrusit
604 2284 715 2363 scriptis
732 2282 914 2363 probabilibus
927 2286 1127 2357 auctoritatem,
1144 2286 1351 2367 huncquoque

367 2428 464 2473 casum
478 2430 581 2490 magno
596 2429 661 2474 oum
675 2412 770 2473 lruotu
784 2412 969 2493 philosophus
982 2413 1176 2492 meditabitur,
1189 2414 1255 2476 oiim
1267 2419 1297 2477 et
1309 2413 1353 2475 di-

367 2538 460 2600 viuam
474 2538 621 2601 veritatem
641 2538 717 2601 mole
740 2540 897 2615 substare,
920 2546 951 2600 et
960 2540 1116 2600 humanam
1130 2540 1285 2619 rationem,
1303 2541 1351 2604 ubi
1437 2528 1444 2539 ’

367 2667 403 2730 ab
426 2671 459 2732 et
480 2669 604 2749 deficiat,
629 2670 683 2733 sibi
705 2688 763 2732 non
786 2669 829 2731 illi
851 2687 968 2747 nocere,
981 2672 1060 2733 tantt
1076 2670 1156 2731 clade
1177 2670 1349 2751 doceamur3

367 2801 443 2882 quod
458 2802 554 2864 multis
567 2804 664 2885 postet
684 2821 743 2865 non
765 2802 851 2865 unius
867 2808 918 2864 ant
931 2801 1048 2864 alterius
1061 2800 1196 2881 hominis,
1211 2802 1262 2865 sed
1274 2809 1348 2867 tota-

367 2946 432 2991 rum
446 2930 573 3009 gentium
588 2932 724 3013 exemplis
738 2930 938 2995 confirmatum
950 2938 1003 2995 est.

406 3060 478 3126 Cium
491 3063 578 3143 igitur
591 3064 663 3127 dnos
676 3064 832 3127 habeamus
846 3063 1009 3145 Septimius,
1025 3064 1106 3126 lacile
1119 3064 1212 3144 primo
1231 3070 1346 3145 aspectu

366 3188 478 3251 videtur
497 3208 549 3251 sua
573 3191 688 3270 utrique
705 3190 814 3254 referre
833 3210 932 3274 opera,
949 3191 974 3253 si
988 3174 1126 3253 catholico
1140 3190 1278 3273 quidquid
1297 3208 1346 3251 ca-

367 3313 470 3377 notice
483 3314 620 3395 scriptum
641 3322 695 3393 est,
709 3316 842 3386 haeretico
863 3318 999 3400 quidquid
1012 3317 1160 3399 haeretice,
1173 3320 1345 3400 assignetur.

367 3439 484 3519 Verum,
504 3458 597 3523 nequa
610 3441 839 3524 Apologeticum,
857 3444 962 3513 aliosne
982 3446 1082 3526 libros,
1102 3466 1175 3530 quos
1194 3466 1211 3510 a
1230 3448 1344 3526 Nostro,

367 3568 460 3633 adhuc
481 3568 617 3632 fidissimo
630 3568 764 3633 Ecclesia
785 3590 838 3652 per
859 3572 952 3651 ipsum
973 3576 1101 3639 florentis
1120 3576 1344 3658 propugnaculo,

367 3697 538 3779 compositos
552 3698 582 3761 in
596 3699 723 3762 confesso
738 3706 793 3778 est,
808 3701 886 3763 omni
900 3721 1051 3783 pravarum
1063 3704 1229 3787 opinionum
1242 3704 1346 3768 menda

402 3926 437 3993 (l)
456 3928 601 3980 Vincentius
614 3929 762 3995 Lirinensis,
779 3930 972 3984 commonitorio
985 3932 1005 3982 l.
