3200 5067
543 489 725 542 opusculum
744 490 1002 542 PillLOSOPfflCUM.
1211 493 1260 544 tad

326 605 486 666 Humanam
503 603 638 682 ammam,
654 604 787 668 adversim
802 604 951 668 Platonem
964 612 1101 684 creatam,
1125 607 1261 671 aduersus

287 708 396 772 Stoicos
409 708 539 785 liberam,
553 709 687 770 aduersus
700 708 855 790 Epicurum
867 710 1023 790 simplicem
1039 711 1178 792 uniusque
1191 714 1263 776 sub-

286 815 405 894 stantiae,
422 815 555 877 adversius
569 832 668 876 omnes
682 815 795 896 corpori
808 833 923 896 semper
930 815 1108 877 adhaesuram
1118 815 1260 879 defendit:

287 939 350 1001 quae
365 921 459 984 omnia
474 920 602 1002 plerique
621 919 696 999 apud
711 927 821 982 ueteres
840 918 1001 1001 philosophi
1015 919 1119 1000 partim
1135 920 1262 983 nescive-

286 1032 362 1103 runt,
389 1025 494 1106 pertim
516 1031 566 1086 out
585 1024 755 1101 abnuerant,
770 1032 820 1086 out
835 1023 1094 1086 dissimulaverant.
1104 1024 1179 1104 rorgo
1192 1025 1264 1088 Nos·

287 1136 331 1192 ter
351 1129 394 1192 his
411 1129 477 1192 fidei
498 1127 633 1191 doctrinis
657 1128 734 1191 laces
760 1128 878 1190 rationis
898 1129 1064 1205 admovens,
1088 1136 1120 1190 ut
1140 1129 1263 1192 ethnice

287 1233 473 1315 philosophiae
486 1232 618 1309 inimicis,
637 1233 675 1294 ita
691 1230 852 1295 christiane
864 1231 1059 1294 defensoribus
1072 1251 1264 1295 annumeran-

288 1339 340 1402 dus
356 1345 408 1402 est.

327 1445 464 1525 adjunxit
484 1451 581 1508 tamen
595 1461 720 1522 errores,
735 1443 808 1507 alios
821 1442 851 1503 in
865 1441 958 1503 verbis
973 1441 1096 1518 tantdm,
1112 1440 1183 1503 alios
1196 1441 1265 1523 ipsis

286 1550 316 1610 in
336 1550 422 1612 rebus
443 1549 521 1612 sitos.
544 1548 688 1630 Siquidem
710 1565 773 1629 qum
793 1546 829 1610 de
848 1545 941 1608 diuino
966 1563 1089 1624 corpore,
1115 1544 1266 1626 divinique

287 1655 339 1715 bile
351 1655 488 1736 loquitur,
503 1655 527 1718 si
540 1655 662 1734 henigne
675 1652 885 1736 interpreteris,
898 1649 977 1713 omni
990 1649 1136 1732 impietate
1148 1657 1263 1727 careum

289 1776 352 1839 quae
371 1761 439 1820 uerd
453 1757 488 1820 de
506 1758 638 1820 humanae
658 1758 761 1820 animae
774 1756 875 1832 colore,
893 1753 1089 1832 ineptitudine,
1107 1753 1265 1831 trilcridm-

288 1881 338 1940 quc
353 1861 498 1924 distantiae
515 1861 605 1939 finxit,
627 1860 706 1924 nullo
724 1860 811 1923 modo
831 1859 907 1942 turpi
927 1857 1134 1940 superstitionis
1147 1859 1266 1921 crimine

288 1966 395 2028 absolui
412 1973 541 2048 possunt.
613 1988 615 1993 ·

330 2069 412 2144 Quod
431 2070 467 2133 ad
483 2071 558 2134 bella
581 2089 646 2132 cum
667 2069 808 2134 haereticis
822 2076 899 2149 gesta
919 2070 1029 2149 attinet,
1046 2077 1125 2134 taceo
1139 2070 1266 2150 singulos

289 2175 406 2255 singulis
420 2175 497 2240 lusos
511 2175 631 2258 preliis:
649 2177 715 2238 clim
728 2178 795 2239 vero
809 2175 854 2238 lue
873 2182 980 2256 pestes,
995 2176 1109 2238 mutatis
1120 2194 1172 2257 pro
1186 2175 1264 2238 loco-

287 2297 352 2342 rum
369 2287 589 2362 temporumque
608 2281 744 2344 uarietate
766 2280 866 2342 formis
886 2288 972 2362 atque
987 2279 1143 2357 coloribus,
1159 2277 1266 2342 eaedem

289 2402 402 2467 semper
416 2394 510 2448 tamen
525 2393 721 2462 renascantur,
736 2385 903 2467 Septimius,

435 2593 492 2655 tho
506 2593 595 2642 team
608 2591 727 2654 formum
739 2593 890 2642 mutuatam
903 2591 1004 2642 Proteo
1015 2591 1117 2641 nodum

289 2777 404 2857 provida
418 2785 513 2838 mente
531 2776 687 2856 fabricavit,
709 2778 935 2859 praescriptiones
948 2777 1056 2839 sedicet
1069 2777 1265 2859 exceptiones·

289 2901 344 2962 que
366 2883 514 2963 quasdem,
538 2883 676 2945 universis
696 2883 848 2961 hereticis,
871 2889 936 2944 ante
952 2883 1053 2944 initum
1068 2901 1133 2944 cum
1146 2883 1265 2962 singulis

290 2993 445 3065 certamen,
467 2987 648 3068 profligandis
669 2987 841 3070 aptissimas,
866 2995 898 3048 ut
918 2986 1091 3068 Septimiana
1109 2995 1263 3068 precepto,

216 3165 218 3171 .
290 3090 325 3168 si,
346 3090 416 3153 nihil
430 3091 594 3170 detrahenS,
614 3111 705 3174 pauca
724 3091 878 3170 addideris,
894 3091 1030 3173 optimam
1049 3092 1182 3154 adversds
1203 3092 1265 3155 lrae-

290 3214 366 3258 reses
380 3195 541 3278 disputandi
554 3215 685 3259 normam
699 3197 805 3260 nostris
819 3197 903 3259 etiam
918 3196 1092 3277 temporibus
1106 3197 1261 3278 prebeant.

329 3303 360 3364 ln
368 3303 494 3366 moribus
500 3303 699 3381 informandis,
708 3323 797 3365 unum
807 3311 874 3366 onte
881 3301 977 3364 omnia
983 3301 1102 3380 studuit,
1114 3320 1218 3383 nempe
1233 3311 1265 3362 ut

289 3410 364 3472 inter
376 3409 599 3472 Christianorum
612 3409 855 3492 Ethnicorumque
870 3410 975 3486 vitam,
992 3408 1068 3470 inter
1088 3409 1264 3488 evangelicas

290 3514 1261 3597 philosophrcasquevirtutm,qudnrlatissimumhinretintemallum.

289 3616 357 3682 Inde
373 3626 427 3696 est,
451 3618 527 3698 qudd
549 3619 700 3699 patientiae,
723 3618 846 3681 nominis
866 3617 941 3698 apud
953 3617 1061 3680 Stoicos
1072 3616 1262 3696 jactatissimi,

287 3723 409 3804 speciem
425 3723 533 3785 tantdm
547 3723 576 3784 in
590 3724 706 3801 saeculo,
723 3723 870 3785 veritatem
880 3724 910 3784 in
919 3723 1045 3786 Ecclesia
1054 3722 1173 3804 reperiri
1185 3726 1262 3784 tanta

287 3831 354 3900 cnud
373 3828 514 3890 ostendit:
536 3827 601 3890 inde
615 3827 691 3908 quod
712 3826 852 3908 operariis
866 3845 965 3889 omnes
979 3833 1055 3889 artes
1075 3826 1119 3888 vel
1138 3825 1263 3890 minimae

287 3953 350 3998 cum
373 3934 528 3998 idololatrid
548 3933 691 3996 affinitatis
712 3942 870 4014 suspectas,
889 3932 979 3996 viduis
993 3933 1106 4014 nuptias
1120 3932 1260 4010 infideles,

289 4035 399 4100 leminis
413 4036 522 4116 luxum,
543 4036 674 4100 omnibus
688 4035 846 4118 spectacula
860 4035 1012 4098 interdicit.
1029 4036 1108 4110 Quod
1124 4035 1260 4113 studium,

290 4143 342 4205 elsi
363 4162 415 4224 per
432 4162 463 4205 se
481 4143 652 4206 laudandum
667 4125 725 4222 est,
749 4150 843 4206 tamen
864 4142 1009 4205 hominem
1025 4141 1093 4204 satis
1116 4161 1167 4222 per
1182 4160 1213 4204 se
1227 4143 1268 4205 ad
