3200 5067
468 507 653 562 OPUSCULUM
670 507 929 562 Pntuosoafltcuu.
1142 511 1191 562 lss'l

216 639 230 680 r
254 627 424 702 properante
440 622 502 700 jam
516 630 544 683 et
562 621 637 701 ipsi,
659 623 793 701 quaejam
815 622 891 703 sapt
905 622 1050 702 jejunans,
1069 630 1195 686 mortem

217 742 232 782 u
251 723 289 784 da
300 723 429 804 proximo
444 722 520 784 abrit
536 723 595 802 (l).
616 743 631 784 a
1022 734 1026 740 ’

203 911 205 915 ,
253 825 310 887 Sed
329 825 370 886 nil
389 825 532 906 jejunium
554 825 695 888 laudando
720 825 892 906 profecerat,
918 828 948 888 ni
972 827 1143 906 catholicos,
1160 837 1194 890 nt

213 928 377 990 libidinosos
391 936 508 1010 propter
522 947 686 992 concessam
709 929 842 991 secundis
857 930 963 1011 nuptiis
975 931 1190 1010 indulgentiam,

213 1032 250 1092 ital
264 1031 380 1109 gulosos
400 1032 508 1094 dicaret
526 1039 644 1114 propter
657 1033 840 1113 apostolicam
852 1039 1033 1116 veteremque
1044 1036 1193 1115 jejunandi

214 1137 334 1196 sormam
347 1135 427 1197 noris
439 1133 565 1198 Montani
581 1135 737 1217 disciplinis
751 1137 910 1216 praelatam.
927 1135 1127 1199 Deficientibus
1138 1137 1193 1199 itu-

214 1257 269 1318 quc
289 1240 477 1317 argumentis,
500 1238 625 1302 conuicia
644 1239 764 1318 ingerit;
787 1258 909 1320 qnorum
931 1241 1067 1321 pleraque
1086 1239 1194 1302 reterre

215 1341 320 1421 pudet:
339 1362 355 1401 ι
370 1342 488 1404 Mirarer
502 1343 665 1424 Psychioos,
680 1343 704 1404 si
718 1345 777 1405 soll
800 1345 911 1406 luxuria
926 1344 1122 1421 tenderentur,
1137 1348 1194 1424 qud

218 1445 357 1526 «saapids
380 1446 509 1522 nubunt;
533 1454 562 1506 et
584 1464 641 1507 non
666 1444 750 1509 etiam
774 1447 897 1525 ingluvie
917 1447 1120 1522 lacerarentur,
1138 1450 1194 1527 qud
1298 1479 1303 1483 ·

217 1570 233 1611 r
251 1551 361 1632 jejunia
382 1551 514 1620 odemnt.
538 1549 698 1614 Monstrum
722 1550 829 1615 scilicet
851 1549 1006 1613 haberetur
1027 1549 1113 1612 libido
1131 1550 1194 1613 sine

216 1671 232 1713 a
255 1653 333 1731 golt,
356 1653 422 1714 uim
444 1652 506 1714 haec
525 1650 582 1712 duo
606 1656 665 1712 tam
685 1653 762 1712 unita
783 1656 868 1730 atque
882 1656 1012 1726 concreta
1028 1647 1084 1717 siut
1098 1651 1192 1730 (tp)

218 1801 279 1818 .....
284 1775 299 1816 a
315 1755 401 1816 Plane
414 1761 540 1816 vestrum
553 1760 608 1832 est,
624 1753 654 1814 in
666 1752 830 1815 carceribus
842 1753 961 1833 popinas
973 1753 1106 1816 exhibere
1120 1771 1196 1814 mar-

184 1935 185 1938 *
217 1862 362 1942 (lymbus
385 1859 517 1935 incertiS,
543 1877 582 1921 ne
601 1857 837 1921 consuetudinem
863 1864 1010 1936 quaerant,
1033 1876 1070 1918 ne
1091 1857 1194 1920 taedaat

218 1984 233 2026 c
254 1965 328 2044 vitae,
345 1983 382 2026 ne
402 1967 473 2025 nord
488 1960 827 2042 abstinentiaedisciplina
844 1959 1106 2022 scandalizantur...
1126 1958 1194 2021 Ideo

218 2089 233 2130 a
255 2068 417 2131 sobrietatis
445 2065 621 2148 disciplinam
649 2065 697 2146 qui
715 2048 878 2146 'predicant
905 2062 1192 2144 pseudo-propheta,

218 2191 234 2232 c
255 2173 319 2234 idad
332 2171 457 2234 haretici
471 2171 520 2251 qni
534 2170 695 2232 observant.
713 2169 787 2242 Quid
800 2170 869 2247 ergb
887 2167 1004 2230 cessatis
1016 2165 1193 2228 Paracletum

218 2295 233 2335 r
256 2292 341 2355 quem
354 2273 384 2335 in
396 2273 528 2338 Montano
536 2274 647 2352 negatis
654 2271 683 2334 ia
690 2272 789 2353 Apicio
800 2269 1194 2350 cradem(3)l...liausenim

219 2399 233 2439 u
256 2378 306 2440 tibi
320 2385 418 2438 venter
434 2385 487 2455 est,
503 2385 532 2438 et
545 2377 643 2458 pulmo
657 2378 807 2458 templum,
823 2383 852 2438 et
865 2375 1041 2457 aqualiculus
1053 2373 1153 2451 altare,
1166 2383 1196 2436 et

172 2565 176 2570 Ι
219 2499 234 2542 a
252 2480 385 2542 sacerdos
399 2497 519 2560 coquus,
535 2486 564 2540 et
577 2479 695 2542 Sanctus
709 2479 833 2561 Spiritus
845 2478 966 2540 nidor...
982 2477 1052 2550 Quis
1071 2476 1196 2538 sanctior

218 2605 233 2646 a
254 2586 328 2648 inter
338 2603 400 2662 ros,
411 2584 464 2645 nisi
479 2583 643 2646 convivandi
654 2583 841 2664 frequentior,
856 2581 911 2643 nisi
931 2579 1087 2645 obsonandi
1101 2579 1196 2660 pollu-

217 2711 231 2750 α
255 2691 381 2768 cibilior,
399 2687 453 2750 nisi
474 2688 607 2750 calicibus
627 2687 815 2750 instructior?
836 2686 934 2748 Merito
955 2686 1087 2747 homines
1107 2684 1196 2746 solius

218 2813 233 2855 «
253 2792 357 2856 animae
373 2799 402 2854 et
422 2791 516 2861 carnis,
534 2790 672 2873 spiritalia
687 2788 862 2851 recusatis...
881 2786 938 2849 Cur
954 2788 1025 2864 ergo
1038 2803 1096 2846 non
1110 2803 1196 2848 cous-
1233 2827 1242 2832 <

217 2917 232 2958 u
254 2903 347 2960 tantur
359 2894 531 2978 praedicatis:
541 2893 749 2956 Manducemus
762 2900 791 2953 et
805 2890 949 2966 bibamus,
963 2890 1026 2950 cris
1036 2879 1117 2950 venim
1131 2906 1195 2950 mo·

216 2998 471 3080 oriemur(t)‘la
546 3039 550 3042 -

213 3168 215 3170 ,
256 3104 322 3170 llaec
342 3104 496 3186 Septimius
516 3103 598 3184 quasi
620 3101 731 3188 iurans,
752 3117 805 3162 nac
814 3101 875 3180 jam
891 3098 935 3160 sul
956 3115 1084 3177 compos.
1098 3097 1137 3158 At
1147 3095 1196 3159 illc

217 3211 291 3273 idam
307 3211 412 3291 quanti
427 3208 521 3272 neritis
536 3205 762 3269 Christianorum
776 3203 860 3264 antei
873 3201 1064 3281 descripserat
1076 3199 1192 3280 epulas:

219 3333 234 3374 a
257 3313 343 3376 Goena
356 3322 452 3376 nostra
471 3313 507 3375 de
525 3311 642 3374 nomine
655 3309 793 3371 rationem
809 3308 854 3368 sui
875 3305 1015 3381 ostendit3
1030 3304 1059 3366 id
1081 3309 1197 3367 uocatur

221 3418 334 3498 «quod
355 3417 467 3480 dilectio
496 3434 585 3498 penas
615 3414 740 3484 Graecos.
770 3412 1012 3490 Quantiscumque
1036 3405 1198 3490 sumptibus

221 3540 236 3582 a
258 3528 377 3598 constet,
392 3521 504 3583 lucrum
519 3523 562 3582 est
574 3519 686 3600 pietatis
700 3517 815 3580 nomine
829 3517 922 3578 lacere
933 3521 1089 3595 sumptum.
1105 3512 1197 3592 Siqui-

221 3643 236 3683 c
258 3624 323 3686 dem
337 3624 436 3704 inopes
449 3640 576 3704 quosque
589 3621 736 3700 refrigerio
750 3621 804 3682 isto
817 3621 961 3699 juvamus,
971 3635 1030 3677 non
1042 3616 1099 3694 qud
1109 3631 1197 3694 penes

221 3747 236 3787 a
258 3746 318 3806 vos,
333 3728 449 3809 parasiti
463 3727 602 3789 adlectant
618 3725 654 3788 ad
667 3724 786 3804 gloriam
796 3719 966 3783 famulandas
981 3715 1197 3792 libertatiS,.sub

253 3905 288 3972 (l)
303 3908 339 3958 lle
353 3906 454 3968 laium,
469 3905 481 3968 t
498 3903 538 3956 ¹2.

256 3995 430 4060 ‹aro-‚rt
502 4011 517 4068 ,-

255 4087 289 4150 tal
304 4087 386 4148 Μ
403 4085 444 4135 ra.

259 4175 294 4242 ll)
307 4178 364 4230 lb..
380 4175 392 4238 §
408 4174 498 4225 to-lr.
