3200 5067
501 453 961 562 onuscnnunnnnosonnrcun.
1206 487 1224 535 s

284 591 444 655 Rhetoricae
458 591 625 669 magistrum
644 609 851 673 causarumque
865 602 1006 657 oratorem
1023 596 1113 677 egisse
1128 601 1225 663 mocio

245 700 300 777 qua
318 697 380 761 lulli
402 696 568 759 auctoritate
588 697 715 759 nonnulli
733 698 888 760 affirmant.
906 699 968 763 Non
982 703 1070 779 euim,
1087 703 1226 767 silitteris

245 802 469 865 excultissimum
485 803 631 883 utriusque
645 804 748 881 linguae
761 804 822 885 (t),
837 806 1043 889 rhetorumque
1052 810 1125 871 ultrd
1138 813 1225 891 qodm

246 907 314 969 satis
325 915 368 970 est
377 908 524 990 praeceptis
536 907 677 971 imbutum
689 908 786 988 luisse,
798 912 934 991 praeterea
943 912 1017 992 juris
1028 912 1226 993 lraudrudem,

246 1011 409 1093 nulliusque
422 1012 609 1094 philosophiae
622 1004 779 1099 expertem,
802 1032 902 1079 omues
921 1016 984 1095 ejus
998 1015 1062 1079 libri
1084 1015 1170 1081 tidem
1186 1017 1229 1081 ia·

246 1115 335 1195 riupt,
351 1116 484 1179 continuit
499 1117 627 1197 sequitur
640 1118 721 1182 illum
734 1118 795 1181 haec
809 1120 905 1183 omnia
918 1120 1059 1184 docuisse.

286 1219 430 1303 Nusqndm
455 1240 486 1285 se
506 1221 536 1283 in
555 1222 759 1285 sacerdotalem
782 1223 924 1287 adlectum
937 1224 1025 1289 lause
1042 1226 1169 1291 declarat
1182 1245 1229 1289 or-

246 1324 341 1387 dinem
358 1344 365 1387 :
390 1324 440 1387 sed
454 1331 483 1387 et
495 1343 543 1389 res
557 1342 609 1407 per
621 1343 653 1392 se
665 1326 806 1391 credibilis
819 1334 875 1405 est,
889 1307 918 1389 et
930 1328 1060 1391 nonnulli
1073 1329 1162 1410 ipsius
1173 1329 1229 1392 loci

245 1428 312 1493 satis
332 1447 490 1508 congruere
506 1428 649 1506 videntur,
671 1429 850 1510 maximeque
864 1429 901 1492 ah
915 1429 964 1491 illo
979 1430 1055 1493 edita
1069 1431 1228 1496 cohortatio

245 1536 281 1601 ad
302 1540 455 1618 martyres3
472 1554 542 1617 quas
560 1534 614 1597 sibi
635 1541 732 1617 partes
753 1535 857 1597 laicum
876 1544 1060 1617 sumpturum
1074 1535 1160 1599 tuisse
1175 1538 1230 1599 mi·

245 1642 323 1705 nime
336 1640 470 1704 arbitror.

286 1742 322 1805 Ut
335 1750 370 1805 ut
381 1750 436 1820 est,
451 1744 589 1825 quantum
603 1743 770 1805 auctoritate
784 1732 936 1824 Septimius
950 1743 979 1806 iu
993 1742 1119 1807 Ecclesia
1131 1744 1230 1807 velue-

248 1846 286 1908 rit
299 1862 400 1909 omnes
414 1846 607 1923 consentiunt,
623 1854 653 1909 ct
666 1864 699 1907 ex
710 1846 765 1909 lroe
775 1846 898 1908 maxime
906 1848 1068 1929 perspicere
1077 1848 1143 1910 licet
1153 1848 1231 1929 quod
1290 1884 1297 1891 ·

248 1949 283 2012 lt.
308 1949 475 2031 Cyprianus,
499 1950 652 2013 acerimum
674 1950 807 2013 Ecclesiae
828 1949 930 2013 Africae
951 1938 1024 2013 aute
1037 1951 1229 2031 Augustinuru

249 2055 347 2132 decus,
359 2073 391 2122 sc
403 2054 573 2137 disdpulum
581 2054 709 2137 Septunii
718 2072 833 2136 semper
840 2056 986 2137 protessus
995 2063 1049 2133 est,
1060 2057 1108 2137 qui
1120 2076 1136 2118 ‹
1146 2076 1231 2121 num·

251 2179 266 2221 a
288 2144 373 2241 quam
388 2158 495 2240 absque
507 2158 582 2221 illius
596 2159 717 2222 lectione
730 2176 817 2221 unam
831 2160 907 2222 diem
928 2160 1107 2241 praeterierit,
1126 2168 1157 2223 et
1167 2179 1230 2226 crc-

251 2288 265 2321 e
287 2263 340 2327 bro
352 2264 452 2327 solitus
465 2263 550 2327 suerit
563 2263 674 2326 notario
688 2281 742 2325 suo
755 2263 865 2327 dicere:
877 2263 916 2327 lla
929 2265 1108 2343 magistrum,
1119 2264 1229 2329 Tertul-

250 2388 265 2429 r
287 2366 394 2430 lienum
407 2366 537 2429 videlieet
549 2365 709 2446 significans
725 2366 784 2445 (t).
803 2386 819 2427 a

287 2470 374 2551 Ergo,
395 2488 452 2533 non
478 2472 538 2533 sine
563 2488 665 2549 magno
684 2470 807 2548 fragore,
822 2470 986 2555 ingentique
1002 2470 1129 2534 lidelium
1148 2472 1227 2537 luctu

247 2574 329 2637 toties
352 2576 414 2657 ejus
438 2576 523 2655 opera
547 2573 742 2653 beneficioque
764 2574 1010 2651 confirmatorum,
1027 2574 1229 2653 'gravissimam

247 2678 324 2743 dedit
333 2680 446 2741 ruinam
461 2678 508 2740 ille
521 2676 698 2755 Carthaginis
714 2676 817 2754 honos,
830 2677 959 2740 omnium
973 2676 1166 2739 Ecclesiarum
1179 2677 1235 2745 ue,

247 2783 354 2861 sensor,
371 2781 588 2845 christianarum
601 2781 677 2861 apud
689 2779 803 2842 Latinos
814 2781 974 2842 litterarum
989 2787 1086 2861 pater:
1100 2798 1229 2862 semper-

247 2905 304 2969 que
323 2885 423 2949 exinde
443 2886 611 2948 documento
626 2884 680 2945 luit
698 2884 804 2944 nullius
823 2884 910 2945 tidem
929 2883 1002 2945 adel
1022 2884 1150 2947 doctrind
1161 2902 1230 2947 ruo·

248 3005 371 3069 rumque
382 2988 530 3051 sanctitate
543 2985 747 3049 communitam
761 3003 835 3063 esse,
850 2984 897 3047 cui
908 3003 969 3047 non
982 2985 1122 3062 alicunde,
1137 2985 1163 3047 si
1175 2984 1229 3049 sibi

249 3092 369 3157 nimium
393 3090 542 3174 placuerit,
564 3088 727 3169 gravissima
741 3087 867 3169 pericula
879 3088 1077 3170 impendeaut3
1093 3090 1229 3152 murum

249 3195 401 3258 Veritatem
425 3193 547 3257 divinam
569 3191 732 3254 homiuibus
751 3190 794 3255 uti
813 3198 948 3272 tauquam
967 3192 1155 3273 preconibus,
1171 3210 1229 3256 uon

249 3299 388 3381 patronis,
409 3316 531 3379 quorum
555 3298 580 3359 si
601 3314 687 3379 quem
702 3296 865 3378 experiatur
876 3295 1008 3375 infidum,
1023 3295 1100 3359 huuc
1112 3296 1228 3377 quidem

251 3404 321 3467 tanti
334 3404 437 3485 piaculi
453 3420 552 3484 paenas
566 3401 657 3464 serius
671 3400 749 3465 odiis
762 3401 935 3483 persolvere,
950 3401 1041 3482 ipsam
1055 3404 1137 3481 rard,
1153 3402 1230 3465 inte·

251 3528 331 3588 pam
354 3510 558 3589 immotamque
572 3514 804 3590 permanentem,
825 3506 896 3569 alios
912 3506 966 3570 sibi
980 3526 1045 3569 mox
1063 3525 1231 3590 comparare

252 3612 424 3677 defensores.
788 3660 789 3664 =

290 3718 395 3781 Verrim
410 3719 495 3800 pauld
508 3717 592 3780 latius
606 3717 633 3778 iu
646 3722 731 3779 tautae
745 3716 833 3779 cladis
845 3734 945 3779 causas
955 3716 1011 3777 alio
1024 3716 1088 3778 loco
1101 3713 1232 3796 inquire·

294 3955 328 4021 (ι)
353 3954 410 4018 ipse
429 3954 567 4018 &peruius
587 3953 618 4004 oe
645 3951 805 4013 vararanes
822 3932 946 4000 veneco
967 3957 996 3996 se
1018 3942 1126 4009 ucraque
1148 3935 1235 4003 mgna

256 4046 390 4111 scripsisse
404 4045 526 4097 declarat.

288 4140 323 4206 (a)
337 4140 441 4191 llicron.
457 4138 532 4189 catal.
548 4136 670 4200 scriptor.
686 4131 859 4186 Ecclesiastic.
944 4181 947 4187 ,
