3200 5067
500 485 685 538 oruscununt
703 485 963 540 entmtsouutcunt.
1185 494 1216 543 dl

240 617 255 658 ι
277 595 438 678 philosophi
452 597 517 677 (l).'
535 609 559 658 ι’
572 597 654 662 Dabit
670 598 757 660 etiem
774 598 911 679 elligiern,
933 621 949 664 ι
969 601 1095 666 humano
1113 607 1216 687 nempb

239 719 254 760 ι
276 699 390 780 corpori
404 699 539 778 similem,
554 702 620 763 crim
639 702 723 766 tlatus
737 702 786 766 ille
802 702 923 780 divinus,
940 722 992 785 per
1004 705 1136 772 universa
1153 727 1218 772 cor·

238 824 253 863 ι
275 805 354 885 poris
367 806 457 888 spatia
477 807 606 882 diilbsus,
622 808 699 870 omni
719 807 795 870 inuis
809 807 885 872 linco
903 824 1053 890 expressus
1066 810 1114 888 sit,
1129 829 1216 892 quam

237 925 253 966 ι
275 907 410 972 densatus
424 909 603 991 impleverat,
618 918 646 972 et
661 910 737 972 velut
750 910 780 972 in
794 906 887 973 formo
898 912 1035 989 gelaverit
1050 912 1110 993 (2).
1128 913 1217 976 »lla-

252 1011 275 1072 it
286 1012 423 1090 colorem,
432 1014 539 1074 cerium
551 1021 577 1075 et
591 1014 710 1075 lucidum
725 1012 785 1094 (3),
795 1014 812 1074 a
823 1013 990 1076 muliercula
1001 1014 1123 1094 quodam
1137 1016 1219 1095 (que

233 1113 320 1176 luerit
336 1115 489 1194 incertum,
506 1116 640 1178 Priscane
655 1115 699 1178 vel
712 1115 877 1194 Maximilla,
893 1135 930 1179 an
948 1117 1130 1180 delirantium
1146 1137 1216 1200 pre·

234 1219 423 1298 phetissarum
434 1219 808 1301 baudindignadiscipula),
818 1219 987 1300 cuisuapro
995 1218 1214 1300 Spirittlssancti

235 1322 349 1385 uocibus
368 1324 478 1386 somnia
494 1324 656 1406 placebunt,
673 1325 735 1386 haec
749 1324 917 1406 opinionum
930 1329 1060 1384 monstra
1080 1323 1210 1390 edoctus.

272 1426 301 1489 Si
315 1433 409 1489 umen
424 1446 527 1506 urgeas
545 1428 615 1490 nihil
633 1445 804 1509 corporeum
826 1427 930 1491 ammae
949 1444 1118 1504 congruere,
1135 1429 1213 1508 ejus-

232 1547 288 1608 que
301 1530 393 1607 dotes,
408 1550 467 1592 non
479 1531 622 1608 sensibus,
640 1539 671 1593 ut
688 1539 857 1613 caletorum
875 1549 1041 1611 corporum,
1057 1530 1108 1593 sed
1128 1531 1214 1594 intel·

231 1633 307 1693 lectu
320 1633 489 1710 renuntiari,
505 1634 570 1694 audi
590 1632 659 1713 quid
675 1632 866 1712 respondeat:
894 1651 909 1692 ι
934 1631 964 1694 Si
986 1621 1097 1694 constat
1118 1632 1213 1696 mcor·

232 1737 380 1816 ‹poralin
414 1753 466 1818 per
497 1736 658 1818 corporales
689 1735 847 1798 renuntiari
878 1754 996 1813 seusus,
1022 1755 1125 1800 sonam
1160 1757 1212 1820 per

232 1861 248 1900 ιι
272 1841 410 1919 auditum,
426 1842 552 1904 colorem
565 1859 618 1923 per
633 1846 830 1920 conspectum,
849 1840 969 1902 odorem
982 1858 1036 1920 per
1047 1841 1210 1920 odoratum,

232 1966 247 2007 ι
268 1964 322 2008 cur
334 1963 393 2007 non
407 1953 435 2008 et
448 1945 555 2024 anima,
572 1963 635 2026 quae
646 1943 803 2024 corporalis
816 1951 873 2022 est,
882 1943 1153 2027 abincorporebilue
1165 1964 1212 2009 re·

231 2069 246 2110 ι
268 2049 415 2111 nuntietur
431 2048 500 2130 (ἰοί)
519 2067 535 2109 n

269 2153 299 2216 Si
317 2153 416 2229 instes,
432 2159 464 2214 nt
478 2149 616 2234 corporea
630 2153 710 2216 carni
724 2153 876 2228 elimenta,
889 2150 927 2214 iu
944 2151 1101 2232 spiritalem
1115 2149 1211 2212 eibum
1273 2169 1279 2178 ·

230 2258 324 2320 animo
338 2257 477 2335 adhiberi,
492 2257 681 2339 incorporalia
696 2258 804 2321 seilicet
817 2256 910 2320 stede
929 2256 1088 2338 sapientise,
1103 2255 1212 2318 inanis·

231 2363 301 2425 sime
313 2361 498 2444 respondebit
511 2367 635 2424 retentem
647 2364 771 2424 animam
784 2361 850 2422 eibi·
861 2359 1021 2441 pleramque
1035 2359 1132 2439 suldri
1147 2358 1206 2438 (5),
1306 2370 1311 2376 ·

231 2466 311 2547 qnasi
325 2465 418 2548 ipsum
431 2465 555 2528 enimam
569 2464 703 2528 alimento
719 2463 895 2541 refocillent,
909 2483 967 2528 non
982 2481 1088 2544 corpus
1103 2470 1134 2526 et
1146 2464 1210 2544 ejus

229 2587 294 2632 eum
307 2571 401 2632 anima
418 2569 606 2632 consortium.
621 2569 707 2631 Addit
717 2568 858 2649 jocando:
877 2587 893 2628 ‹
908 2567 1018 2632 animas
1031 2566 1209 2649 philosophie

230 2696 246 2736 ι
264 2667 430 2756 jejunantes
443 2673 537 2736 uivere
550 2673 747 2751 nihilominus,
770 2672 973 2754 neminemque
988 2690 1126 2752 umquam
1145 2671 1208 2733 ani-

230 2797 245 2838 ι
264 2795 319 2840 mm
335 2795 438 2857 aquam
453 2777 574 2840 mulsam
584 2777 620 2838 de
634 2777 746 2857 eloquio
759 2775 886 2840 Platonis
899 2775 1046 2852 infudisse,
1057 2780 1107 2836 eut
1119 2774 1209 2837 mictu

229 2899 243 2940 ι
266 2879 301 2942 de
319 2880 498 2962 multiloquio
520 2879 678 2942 Aristotelis
701 2878 845 2942 inlersisse
869 2879 931 2960 (6).
955 2898 970 2938 r
992 2875 1074 2940 Haud
1095 2875 1208 2958 illepide

226 2984 339 3063 quidem
353 2985 502 3048 scientiam
515 2992 656 3060 aeterum,
680 2984 716 3046 nd
728 2981 804 3046 sitim
816 2982 920 3050 animo
932 2979 1087 3044 sedandam
1102 2980 1208 3061 seepids

225 3087 367 3168 inutilem,
382 3088 490 3171 carpit:
511 3094 622 3170 poteret
642 3093 739 3152 lamen
762 3085 928 3149 meminisse
950 3083 1055 3177 Christi
1067 3081 1204 3146 dicentis:

225 3193 288 3257 Noc
301 3194 332 3255 in
344 3194 483 3276 colopene
502 3193 567 3255 vicit
583 3193 673 3272 homo,
689 3193 734 3254 sed
752 3193 783 3254 in
803 3191 881 3253 omni
900 3189 979 3252 ento
1001 3187 1072 3269 quod
1084 3186 1206 3268 procedit

223 3316 257 3358 ec
267 3297 385 3360 mellei.

260 3399 355 3463 Liceat
368 3419 444 3464 nunc
456 3403 473 3464 i
486 3400 627 3482 Septimia
637 3399 673 3462 ad
686 3397 854 3480 Septimium
868 3411 1035 3478 provocare,
1052 3409 1111 3456 non
1125 3391 1201 3473 qued

252 3626 288 3691 (n
301 3627 338 3679 ne
347 3627 405 3689 nn,
420 3628 432 3690 ι
446 3629 472 3679 e.

251 3717 286 3783 (a)
299 3719 340 3770 nt.
354 3721 391 3772 u.

249 3809 285 3873 ιι)
297 3812 339 3864 ιιι.
354 3813 392 3862 ιι.

252 3901 285 3964 ιι)
300 3903 339 3952 ιιι.
356 3903 367 3964 ι
382 3902 406 3952 o.

249 3989 285 4053 (ιιι
300 3978 339 4041 ιιι.
355 3993 394 4040 ιι.

248 4078 282 4145 (ιι)
296 4083 335 4132 m.
352 4082 391 4132 tm
