3200 5067
337 592 353 640 Ξ
619 590 659 641 DE
677 592 708 653 Q.
727 592 755 641 S.
773 592 800 641 F.
821 590 1041 642 rssnrommno

337 706 460 769 mediam
472 705 544 768 circi
559 712 670 769 etatem
688 705 723 768 ab
740 704 866 769 Ecclesit
881 704 1044 783 descivisse3
1064 724 1127 787 quae
1137 704 1237 786 jclados
1248 708 1323 770 inter

337 828 427 875 annos
439 810 495 874 ool
510 817 538 873 ct
552 809 619 873 CCX
630 809 835 873 verisimillime
849 810 975 890 ponitur.

376 914 542 979 Christianae
558 913 683 977 veritatis
697 914 791 976 lucem
807 931 865 975 non
879 913 1036 995 puerilibus
1055 914 1145 977 oculis
1157 915 1235 978 domi
1248 916 1322 979 inter

337 1036 405 1083 suos
418 1017 557 1094 hausisse,
572 1015 622 1079 sed
636 1015 799 1096 aliquandiu
816 1014 989 1096 quaesivisse,
1005 1016 1193 1080 crediderim:
1210 1035 1264 1081 nec
1277 1024 1322 1080 ta-

337 1139 404 1185 men
418 1139 465 1183 res
479 1120 549 1183 citri
563 1138 678 1183 omnem
700 1118 906 1183 dubitationem
921 1120 1012 1202 posita
1026 1129 1081 1199 est,
1105 1122 1172 1182 edm
1186 1122 1321 1203 quidquid

337 1245 371 1292 en
389 1228 452 1307 ejus
468 1225 581 1307 scriptis
601 1225 735 1303 ederunt,
758 1232 789 1287 ut
803 1225 934 1289 ethnicus
952 1225 1039 1289 luisse
1053 1225 1269 1308 comprobetur,
1285 1228 1321 1290 de

335 1330 500 1394 Christianis
514 1329 682 1411 generatim,
699 1348 756 1393 non
771 1330 807 1394 de
819 1349 852 1394 se
870 1331 932 1412 ipso
949 1330 1027 1412 loqui
1045 1331 1171 1412 potuerit
1185 1332 1246 1411 (1).
1262 1330 1322 1395 Cn·

336 1441 430 1503 terdm
440 1439 595 1521 probabilis
605 1440 769 1520 conjectura
779 1446 834 1517 est,
844 1437 1039 1503 doctissimum
1049 1440 1140 1520 (quod
1147 1441 1210 1521 ejus
1217 1440 1321 1522 scripta

336 1543 545 1623 demonstrant)
559 1542 781 1621 adolescentem,
795 1549 861 1605 unte
873 1549 1002 1606 maturos
1017 1561 1119 1621 annos,
1130 1544 1259 1623 indignas
1269 1563 1321 1607 suo

332 1646 453 1727 judicio,
477 1649 528 1709 sut
543 1646 702 1710 eruditione
714 1645 931 1728 superstitiones
944 1647 1108 1729 respuisse:
1124 1648 1200 1729 quod
1214 1647 1322 1729 optimo

335 1767 451 1831 quoque
468 1748 608 1813 Baronius
627 1757 795 1830 argumento
809 1751 971 1813 confirmat.
988 1750 1060 1815 Gbm
1074 1751 1150 1813 enim
1164 1750 1198 1814 B.
1219 1752 1321 1817 Hiero-

335 1872 438 1935 npmus
459 1853 645 1919 Eustochium
665 1871 748 1918 suam
769 1854 875 1918 librum
899 1854 1066 1917 Tertulliani
1088 1855 1264 1919 adolescentis
1285 1858 1322 1921 de

333 1960 508 2023 matrimonii
522 1961 701 2023 incommodis
714 1961 811 2040 legere
824 1961 954 2023 hortetur
968 1962 1027 2042 (2),
1043 1960 1107 2043 quis
1120 1962 1217 2025 credat
1229 1962 1322 2025 bomi-

334 2081 401 2127 nem
415 2065 595 2127 etbnicorum
609 2063 782 2144 scriptorum
799 2064 951 2127 lectionem
965 2065 1178 2148 reprehendere
1191 2074 1221 2129 et
1232 2070 1322 2150 prope

333 2178 429 2233 vetare
445 2170 573 2246 solitum,
589 2186 662 2249 opus
676 2166 711 2229 de
727 2174 785 2229 tam
806 2167 916 2231 lubricl
930 2154 1059 2249 materia,
1081 2171 1194 2233 ethnicl
1208 2172 1320 2235 licentia

333 2274 534 2356 compositum,
559 2272 656 2352 inpiae
674 2279 815 2351 castoque
833 2271 1053 2338 adolescentulus
1070 2275 1202 2339 manibus
1215 2276 1320 2339 versari

333 2376 457 2440 voluisse
473 2376 537 2457 (3)‘l

372 2482 443 2545 Inde
456 2501 570 2566 quoque
584 2484 723 2564 sequitur,
737 2493 786 2547 aut
799 2502 918 2547 uxorem
933 2492 1001 2548 aute
1013 2484 1126 2547 duxisse
1139 2487 1226 2567 quim
1239 2486 1319 2547 illum

333 2587 431 2651 ederet
445 2587 562 2667 librum,
579 2594 630 2651 eut
643 2588 738 2670 ipsum
754 2589 860 2652 librum
875 2590 1025 2653 rhetoricae
1036 2588 1242 2653 exercitationis
1253 2607 1319 2667 gra—

332 2692 370 2754 tia
393 2692 597 2775 compositum,
625 2692 672 2756 cui
697 2692 783 2755 vitam
805 2693 993 2775 accomodare
1016 2692 1134 2755 minimo
1162 2692 1317 2772 curaverit,

331 2795 449 2877 nuptias
464 2795 525 2879 ipse
536 2797 665 2880 proprius
679 2798 777 2880 posted
788 2797 996 2861 celebraturus.

371 2901 513 2967 Ceterum
530 2902 735 2967 dehortationis
749 2920 809 2965 suae
824 2901 900 2964 haud
914 2901 1079 2978 immemor,
1093 2900 1201 2981 jugalia
1213 2901 1315 2977 vincla,

268 3028 272 3035 ·
328 3008 457 3072 nondum
471 3026 571 3088 senex,
584 3015 618 3071 ut
630 3007 744 3090 opinor,
759 3004 906 3071 communi
921 3003 1016 3067 uxoris
1029 3020 1171 3066 consensu
1181 3003 1314 3081 resolvit3

311 3128 387 3175 non
409 3114 443 3174 eb
463 3119 560 3175 mente
582 3118 613 3173 ut
635 3130 666 3173 se
686 3129 824 3173 novarum
838 3109 965 3171 irretiret
977 3107 1137 3190 captivitate
1150 3108 1315 3190 uupdamm

330 3213 384 3293 (nil
398 3214 480 3283 eiam
489 3214 545 3275 tale
559 3212 712 3274 christiana
727 3231 855 3293 unquam
869 3210 976 3273 audivit
988 3209 1170 3289 antiquitas);
1187 3210 1237 3273 sed
1258 3212 1314 3291 qud

328 3314 444 3377 liberior
457 3320 579 3395 uterque
592 3314 714 3377 orationi
723 3332 835 3392 vacare,
849 3322 880 3377 et
892 3312 1068 3394 Evangelicae
1081 3314 1196 3377 studere
1205 3314 1315 3395 perfec.

328 3416 399 3481 tioni
421 3417 538 3479 valeret.
563 3416 617 3491 Qui
636 3434 699 3480 mos
723 3417 877 3500 saepissime
896 3425 965 3481 tnnc
983 3418 1122 3501 temporis
1136 3417 1312 3485 observatus,

329 3523 427 3605 quanti
441 3529 577 3606 perpetua
588 3520 761 3584 continentia
775 3522 804 3583 in
820 3521 944 3586 Ecclesid
958 3540 1072 3605 semper
1083 3523 1219 3586 aestimata
1229 3521 1314 3584 luerit

330 3627 399 3691 sutis
422 3627 562 3705 ostendat,
586 3626 607 3690 si
628 3642 675 3688 res
688 3624 856 3706 probatione
870 3634 983 3705 egeret,
1008 3634 1051 3690 tot
1062 3628 1124 3708 jam
1144 3627 1313 3691 confirmate

330 3730 511 3794 testimoniis.

362 3930 398 3997 (l)
415 3930 475 3985 llaec
493 3936 520 3983 et
532 3944 580 3984 nos
597 3932 700 3985 risimus
720 3932 866 3999 aliquando.
891 3933 927 3986 lle
941 3934 1033 3988 restris
1046 3933 1158 3999 inimum
1174 3932 1247 3997 tunt,
1263 3944 1313 3983 nou

328 4027 466 4073 nascuntur
480 4020 625 4074 Christiani.

361 4109 398 4175 (²)
411 4111 440 4161 B.
454 4111 570 4177 illerum,
586 4112 662 4180 epist.
677 4112 710 4164 ad
723 4112 846 4167 Eustocb.

362 4200 397 4265 (ὅ)
411 4201 512 4267 Bar-on,
526 4203 617 4267 duual,
632 4203 781 4258 Ecclesiam.
