3200 5067
357 505 379 540 ο
451 442 635 498 censentur
653 442 916 496 rnltosunnrccn.
1144 443 1176 494 Π

195 578 212 618 r
237 557 364 624 bonitus
376 556 557 638 permiserat.
569 556 708 638 Denique,
720 564 787 637 puta
802 555 1007 634 intercessisse,
1017 573 1113 618 nonne
1126 572 1160 618 ex

196 681 212 724 s
234 654 393 724 cla'mares:
410 659 594 724 omninum
611 661 732 738 sutilem,
745 659 927 735 instabilem,
941 658 1099 735 infidelem,
1113 673 1176 721 res-

195 787 212 827 «
235 767 396 830 eludentem
411 785 475 848 quae
489 766 626 828 instituitl
638 766 694 829 Cur
704 765 1005 848 permiseratliberunr
1014 764 1175 842 arbitrium,

196 890 212 931 r
234 870 258 934 si
271 869 444 935 intercedit?
456 870 513 932 Cur
526 871 686 948 intercedit,
698 871 722 932 si
733 868 884 952 permisit?
895 867 996 930 Nonne
1008 874 1077 929 tnnc
1088 867 1178 945 magis

195 993 212 1032 ι
235 973 371 1054 deceptus
390 991 423 1034 er
446 973 656 1055 impreseientid
679 973 767 1034 lutari
780 972 936 1048 videretur,
955 971 1025 1033 'crim
1048 968 1177 1032 obstitis·

198 1095 214 1136 r
236 1085 279 1138 set
293 1077 363 1156 (ll‘l
378 1098 393 1138 r

236 1179 279 1240 En
302 1180 439 1242 elucidata
459 1186 526 1241 sunt
546 1181 652 1265 omnia,
671 1199 735 1261 quae
748 1180 817 1243 dum
839 1179 956 1243 nescidt
969 1195 1059 1257 genus
1072 1178 1176 1239 huma·

195 1299 279 1360 num,
294 1283 448 1346 ambularit
461 1285 490 1345 in
505 1284 639 1362 tenebris,
655 1285 735 1366 aeqne
749 1291 778 1350 et
797 1284 850 1345 uiae
863 1284 918 1365 qul
933 1280 1134 1358 incedendum,
1149 1287 1178 1342 et

196 1387 263 1449 nnis
276 1391 333 1464 qud
346 1388 471 1450 eundum
485 1393 576 1463 esset,
592 1389 727 1450 incertus.
746 1387 788 1448 En
804 1385 986 1447 manifestum
1006 1389 1050 1446 est
1062 1381 1113 1444 Ilei
1126 1383 1178 1444 bo

195 1491 326 1569 nitaoern,
345 1491 483 1572 sapientia
501 1492 683 1572 potentieque
705 1489 861 1564 ministris,
881 1487 976 1548 omnia
990 1485 1176 1566 disposuisse,

197 1601 230 1654 ut
243 1601 339 1658 essent
352 1591 454 1674 quihus
465 1601 684 1672 cognosceretur
695 1593 781 1670 Deus,
793 1598 822 1652 et
833 1589 935 1671 quibus
950 1607 980 1652 se
990 1588 1179 1651 daretlruen·

191 1696 278 1758 dum.
304 1697 430 1778 Apparet
455 1704 559 1778 quanta
586 1697 622 1757 sit
650 1696 794 1758 rationalis
817 1703 956 1758 creature
978 1694 1117 1772 dignitas,
1142 1691 1200 1754 adr

197 1818 286 1881 quam
297 1807 400 1862 caetera
414 1800 508 1862 omnia
523 1801 697 1877 referantur,
710 1801 745 1862 ad
760 1819 846 1881 quam
855 1801 898 1861 rel
913 1799 1120 1874 delectandam,
1135 1798 1179 1860 rel

198 1902 397 1978 erudiendam,
414 1918 512 1964 rerum
532 1903 646 1964 condita
669 1903 706 1964 sit
726 1904 903 1965 universitas.
926 1901 1059 1965 Cernitur
1074 1908 1179 1981 quanta

200 2005 256 2066 sint
276 2003 358 2067 liberi
372 2004 481 2067 arbitrii
501 2011 528 2066 et
551 2006 703 2068 necessitas
724 2012 753 2068 et
777 2007 916 2088 pretium,
935 2007 1014 2082 crim,
1037 2002 1099 2066 sine
1117 2004 1178 2081 illo,

201 2109 294 2170 anima
312 2107 372 2189 jam
394 2126 451 2171 non
469 2111 513 2170 sui
531 2117 644 2191 potens,
666 2110 793 2188 amandi,
816 2111 846 2173 id
867 2119 910 2172 est
932 2128 964 2172 se
977 2117 1065 2173 totam
1080 2108 1176 2184 dandi,

201 2229 289 2292 capax
302 2229 361 2273 non
374 2212 420 2290 sit,
432 2229 483 2294 per
493 2213 679 2289 illudentem,
692 2213 777 2277 vitam
794 2214 907 2277 beamur
917 2214 1071 2295 ipsumque
1087 2211 1178 2274 ileum

200 2318 408 2394 promerentur.
424 2314 562 2396 Denique,
577 2315 653 2377 undo
667 2316 796 2377 oriantur
809 2317 884 2378 mala
904 2316 1104 2398 intelligentes,
1122 2333 1179 2377 non

198 2417 396 2497 jamhominis
412 2419 581 2496 vitiunrlleo
596 2419 764 2500 objicimns;
781 2427 811 2485 et
821 2421 920 2482 mirari
933 2421 1088 2485 desinimus
1100 2420 1181 2482 anci-

202 2523 288 2602 pitem
303 2525 381 2586 illam
396 2525 532 2599 libertatis
544 2526 712 2606 potentiam,
727 2527 804 2588 nude
818 2525 892 2588 mala
907 2530 1118 2607 processerunt,
1127 2541 1182 2584 no-

149 2614 153 2621 ’
202 2625 245 2688 bis
259 2635 354 2692 lernen
368 2630 385 2690 a
398 2629 456 2692 lleo
468 2647 634 2694 concessam
648 2629 745 2707 inisse,
757 2631 823 2691 crim
838 2631 975 2711 perillam
987 2628 1185 2692 manifestetur

202 2731 294 2794 diuina
304 2732 425 2810 bonitas,
440 2729 622 2812 humanaque
636 2733 725 2796 virtus
740 2739 917 2796 exerceatur.

223 3040 228 3046 κ
242 3005 291 3068 llL
304 3005 455 3067 Dnnurnn.
467 2987 631 3066 Doctrinam
643 3005 770 3086 Septimii
780 3006 918 3068 deanimd
927 3005 1117 3087 expositurus,
1127 3022 1187 3067 aon

204 3109 299 3172 dolere
306 3128 429 3190 nequeo,
441 3110 516 3192 qn'od
531 3110 621 3172 mulla
639 3110 776 3190 praeclare
788 3111 969 3192 disputanda,
986 3111 1092 3172 multos
1105 3127 1190 3172 acer·

204 3213 276 3276 rime
285 3213 471 3276 confutandos
486 3229 610 3290 errores,
623 3231 722 3276 errore
737 3214 798 3294 ipse
814 3213 979 3292 gravissimo
989 3213 1091 3275 Noster
1104 3212 1191 3274 inau-

204 3315 356 3404 gurauerit,
365 3315 473 3376 animas
489 3333 551 3378 csse
566 3315 729 3396 corporales
743 3315 909 3378 defendens.
920 3316 1070 3397 liquidem,
1079 3316 1104 3377 si
1117 3335 1188 3397 pec-

153 3443 156 3448 ·
204 3415 328 3482 cantium
340 3419 491 3482 multitudo
505 3425 684 3500 peccatorem
709 3426 878 3496 excusaret,
894 3420 965 3481 illud
978 3436 1031 3501 pro
1047 3419 1191 3500 Septimio·-

203 3523 318 3602 laceret,
333 3524 409 3605 qrrdd
422 3532 480 3586 tota
494 3524 659 3606 antiquitas,
677 3531 727 3586 aut
750 3523 876 3586 animam
898 3525 934 3585 de
951 3524 1069 3585 materia
1083 3541 1188 3602 corpo·

202 3631 252 3688 rea
267 3629 432 3705 conflatam,
449 3646 513 3691 curn
531 3628 681 3709 Epicureis
692 3645 695 3650 ·
705 3628 874 3709 Stoicisque,
892 3625 1029 3701 credidit,
1045 3632 1106 3701 aut,
1121 3642 1191 3686 cum

203 3728 331 3808 Platone,
347 3749 404 3793 uon
418 3733 528 3793 tantum
544 3733 755 3813 incorpoream,
774 3731 874 3791 renim
889 3728 972 3789 etiarn
988 3727 1144 3788 increatam
1159 3735 1189 3790 et

203 3831 291 3914 ipsius
302 3833 351 3896 llei
365 3835 485 3898 sortasse
501 3843 612 3916 partem
627 3833 816 3910 existimavit,
832 3839 881 3894 aut
895 3828 1073 3925 Aristotelem
1089 3838 1191 3894 secuta

242 4061 275 4124 (ll
289 4061 350 4112 ndu.
367 4063 454 4125 lianc,
471 4063 501 4123 ll,
518 4060 543 4124 §l
560 4061 610 4112 l-B.
631 4111 635 4118 ,
