3200 5067
308 487 327 530 Ι

387 448 419 499 52
664 447 704 499 nli
722 450 752 512 Q.
771 452 797 501 S.
816 452 844 500 F.
862 450 1088 503 ruuwutmno

758 1054 896 1140 curun
912 1051 982 1141 ru
1038 1145 1045 1169 ,ι
1149 1169 1158 1181 ‚

650 1286 824 1373 sternutus
845 1288 1085 1352 PHILOSOPHUS.

771 1564 963 1574 --————

417 1822 518 1901 Nemo,
530 1822 699 1904 Septimium
711 1824 773 1904 jam
793 1841 914 1886 cernens
936 1824 1132 1906 philosophico
1147 1828 1231 1908 pallio
1241 1830 1357 1910 prodire

377 1926 521 2004 indutum,
546 1945 579 1989 ex
600 1926 727 2007 professo
751 1926 982 2008 philosophatum
999 1927 1085 1990 luisse
1109 1928 1278 2009 arbitretur,
1303 1952 1358 1996 no·

376 2048 509 2111 namque,
520 2030 634 2112 qualem
649 2029 728 2091 Plato
741 2036 790 2090 aut
804 2030 982 2121 Aristoteles,
994 2032 1149 2095 instituisse
1159 2031 1354 2115 disciplinam:

374 2154 433 2197 non
449 2136 525 2197 Deus
548 2135 686 2196 harentia
708 2134 868 2196 christianis
890 2133 1075 2215 scriptoribus
1098 2134 1225 2214 iecerat,
1244 2144 1275 2200 ut
1293 2140 1355 2219 ejus

374 2238 452 2299 modi
465 2236 576 2314 studiis,
592 2237 679 2298 animi
700 2240 795 2315 causi,
811 2237 1000 2316 indulgerent.
1015 2238 1044 2301 Si
1064 2239 1150 2301 nullae
1171 2240 1295 2305 haereses
1308 2244 1355 2305 in-

375 2338 534 2417 tegritatem
550 2339 615 2402 fidei
632 2344 835 2417 temerassent,
850 2340 953 2403 Noster
975 2348 1055 2403 totus
1076 2343 1107 2403 iu
1130 2343 1271 2422 erigendis
1282 2347 1355 2409 tide-

247 2474 257 2493 ·
373 2443 444 2505 lium
459 2444 571 2522 animis,
588 2450 664 2505 totus
686 2444 715 2504 in
733 2444 928 2507 confirmandi
948 2464 1062 2507 morum
1082 2446 1241 2525 sanctitate,
1256 2468 1354 2511 versa-

372 2556 462 2611 retur.
478 2548 570 2624 Nune,
590 2548 724 2629 quoniam
744 2548 873 2629 plerique
893 2549 1104 2627 hereticorum,
1125 2567 1236 2613 errores
1248 2551 1353 2638 quihus

372 2652 563 2741 evangelicam
585 2652 783 2715 adulterabant
805 2652 962 2718 doctrinam
985 2654 1002 2713 ὲ
1024 2653 1198 2735 philosophis
1216 2658 1350 2732 mutuati,

355 2757 496 2845 *veritatis
509 2756 684 2833 defensores,
700 2762 730 2817 nt
745 2756 911 2817 rhetoricari
926 2758 986 2837 (1).
1001 2758 1041 2819 itai
1059 2748 1250 2838 philosophari
1269 2778 1351 2839 coge·

371 2864 451 2940 hant,
461 2862 491 2924 in
506 2864 579 2924 hano
595 2880 708 2943 quoque
723 2859 875 2941 Septimius
889 2878 1005 2921 arenam
1025 2861 1103 2923 haud
1115 2861 1218 2923 inritus
1231 2862 1351 2925 deseen-

372 2970 423 3045 dit,
435 2968 634 3050 quippequem
650 2966 775 3045 ingenita
785 2965 916 3047 quaedam
926 2965 1089 3045 pugnacitas
1097 2965 1253 3052 praeliando
1264 2968 1348 3048 quam

370 3072 507 3149 docendo,
524 3080 552 3133 et
566 3070 739 3150 depellendis
754 3067 879 3129 nubibus
895 3066 1005 3128 veritati
1018 3067 1115 3129 otiirsis
1129 3068 1215 3148 quam
1225 3068 1350 3149 philoso-
1390 3132 1394 3137 ,

371 3174 444 3253 phiee
458 3173 566 3254 placitis
578 3189 635 3232 uno
649 3178 749 3232 tenore
763 3170 947 3251 exponendis,
956 3169 1096 3251 aptiorem
1110 3170 1227 3232 iecerat.
1243 3170 1349 3235 Praete·

369 3278 430 3351 rea,
446 3274 579 3353 quoniam
595 3272 722 3352 quisquis
735 3272 771 3333 de
785 3271 886 3333 diuinis
905 3272 1095 3354 humanisque
1108 3272 1196 3334 rehus
1211 3272 1346 3354 disputat,

370 3378 435 3439 velit
456 3377 526 3438 nolit
545 3375 772 3455 philosophatur,
797 3376 920 3455 pretium
942 3394 1038 3457 operae
1056 3375 1151 3437 forsan
1175 3375 1261 3437 inerit
1278 3377 1348 3457 quid

368 3480 470 3542 Noster
484 3479 513 3539 in
528 3480 584 3540 hoc
598 3495 702 3557 genere
716 3477 816 3547 lecerit
826 3478 984 3559 inquirere,
993 3498 1049 3560 quo
1061 3478 1241 3561 potissimum
1256 3499 1347 3559 argu-

367 3584 511 3647 mentandi
525 3600 629 3663 genere
642 3581 680 3644 sit
695 3600 773 3659 usus,
794 3582 912 3662 quidde
925 3583 995 3660 Deo,
1011 3582 1046 3643 de
1060 3582 1160 3643 mundi
1173 3582 1293 3662 origine,
1310 3584 1346 3645 de

365 3690 488 3750 hominis
501 3690 602 3750 natura
617 3684 748 3763 senserit,
760 3686 937 3769 dispersique
948 3688 1027 3768 quasi
1042 3687 1171 3748 membra
1184 3686 1343 3769 philosophi

364 3792 508 3871 colligere.
564 3837 575 3853 .
879 3790 884 3797 ⁴

405 3896 430 3958 l.
445 3898 520 3957 Ante
534 3894 629 3957 omnia
643 3894 739 3973 igitur,
755 3894 790 3957 de
806 3895 866 3976 ipst
886 3895 1074 3977 philosophia,
1089 3903 1174 3979 atque
1193 3899 1227 3959 ed
1241 3896 1344 3958 mentis

396 4097 429 4165 (t)
447 4099 484 4150 Ite
497 4096 643 4150 ilesur'reot
658 4108 739 4158 carn,
755 4095 768 4159 5
782 4096 808 4145 5.
