3200 5067
340 475 389 529 toa
621 473 663 526 DE
680 475 712 537 Q.
728 475 756 529 8.
774 473 802 526 1⁴⁴.
822 472 1041 526 TERTULleliO

343 608 358 649 a
380 588 446 651 dem
459 581 599 650 Eoclosias
613 605 684 670 quas
701 587 755 669 ipsi
767 586 888 669 apostoli
901 586 1101 662 condiderunt,
1116 586 1173 669 ipsi
1187 587 1230 649 eis
1243 606 1318 669 pras

343 710 359 751 a
380 690 511 770 dicando,
529 691 588 752 tdm
606 691 677 769 viva,
699 692 776 774 qnod
800 693 891 769 aiunt,
908 707 990 766 voce,
1005 691 1093 770 qulm
1112 707 1165 770 par
1185 689 1320 772 epistolas

344 813 369 856 ‹·
381 797 490 877 postea.
505 794 537 859 Si
550 795 612 860 haec
623 795 662 858 ild
680 803 758 874 sunt,
774 804 886 860 constat
899 793 1018 878 proinde
1032 785 1148 855 omnem
1160 793 1321 856 doctrinam

344 916 360 958 ‹
382 915 446 980 quae
463 916 529 960 cum
543 897 599 960 illis
612 897 747 961 Ecclesiis
764 899 937 980 apostolicis,
954 897 1121 961 matricibus
1134 905 1164 960 et
1175 897 1324 976 originali·

345 1022 361 1064 ‹
381 1003 435 1066 hus
449 1002 515 1067 fidei
529 1002 683 1084 conspiret,
697 1003 807 1066 veritati
826 1002 1029 1084 deputandam,
1046 1002 1108 1065 sine
1121 1001 1208 1064 duhio
1221 1007 1324 1066 tanen-

345 1126 361 1167 «
383 1115 441 1170 tom
456 1107 533 1188 quod
553 1107 686 1170 Ecclesia
709 1106 745 1168 ab
759 1107 909 1187 apostolis,
924 1105 1076 1186 apostolia
1089 1103 1214 1184 Christo,
1228 1105 1325 1169 Chris·

346 1229 361 1270 s
382 1211 460 1274 tusi
479 1210 537 1274 heo
561 1213 687 1293 accepit3
710 1228 827 1272 omnem
847 1212 916 1272 verh
940 1210 1099 1272 doctrinam
1118 1210 1155 1272 de
1174 1211 1325 1274 mendacio

345 1333 360 1374 c
383 1314 638 1396 praejudicandam,
652 1333 716 1396 quac
733 1314 825 1396 sapiat
838 1315 937 1376 eontra
957 1313 1107 1378 veritatem
1118 1313 1344 1395 decimiacum,-

346 1437 361 1478 α
384 1426 414 1480 et
424 1418 630 1501 apostolorum,
648 1426 678 1484 et
691 1417 807 1495 Christi,
821 1425 852 1480 et
866 1417 916 1480 llei
929 1418 987 1497 (l).

387 1541 403 1584 a
424 1523 484 1601 Age
496 1540 583 1600 nuno,
599 1506 699 1585 omnes
720 1521 915 1584 erraverint...
936 1520 1044 1583 nullam
1064 1520 1221 1602 respexerit
1234 1519 1325 1603 Spiri-

347 1645 363 1686 s
385 1633 432 1688 tus
447 1625 579 1704 Sanctus,
595 1624 636 1688 nti
648 1642 713 1687 earu
724 1623 754 1698 in
765 1623 913 1686 veritatem
925 1622 1091 1700 deduceret,
1104 1622 1141 1684 ad
1152 1622 1208 1685 hoc
1221 1623 1326 1685 missus

348 1749 363 1790 c
386 1729 534 1805 aChristo,
545 1729 581 1791 ad
590 1730 645 1793 hoc
659 1729 819 1811 postulatus
831 1729 867 1791 de
881 1727 978 1805 Patre,
994 1735 1027 1803 ut
1044 1733 1121 1789 esset
1134 1727 1235 1789 doctor
1249 1725 1326 1788 veri-

348 1854 364 1895 «
386 1833 469 1896 tatis:
490 1834 644 1912 neglexerit
663 1834 790 1898 cilicium
809 1834 860 1898 hei
878 1833 1010 1912 vicarius,
1032 1832 1135 1896 Christi
1153 1831 1273 1909 villicus,
1286 1833 1328 1894 si·
1447 1898 1452 1904 ,

348 1957 363 1998 c
386 1937 607 2000 uensEoelesias
620 1937 701 2000 aliter
711 1938 826 2001 interim
836 1939 1007 2017 intelligere,
1018 1935 1328 2016 alitercredere,.quod

350 2060 365 2101 a
384 2042 511 2124 ipseper
530 2043 673 2123 apostolos
688 2043 879 2124 predicabat:
895 2043 996 2124 ecquid
1010 2039 1163 2104 verisimile
1176 2046 1222 2103 est
1238 2046 1271 2100 ut
1286 2047 1329 2102 tot

350 2164 366 2205 a
387 2164 421 2207 ac
437 2151 522 2208 tantae
539 2146 569 2206 in
584 2163 672 2207 unam
694 2147 780 2208 fidem
795 2146 1015 2208 erraverinti...
1033 2145 1116 2218 Quod
1134 2143 1210 2225 apud
1223 2144 1328 2205 multos

350 2267 365 2308 c
388 2267 478 2310 unum
501 2249 642 2311 invenitur
665 2267 722 2310 non
746 2257 790 2310 est
812 2257 958 2327 enatum,
982 2249 1033 2312 sed
1055 2249 1202 2311 traditum.
1218 2247 1329 2309 Audeat

350 2370 366 2411 c
388 2353 456 2430 crgd
466 2351 567 2432 aliquis
576 2353 671 2417 dicere
685 2351 748 2414 illos
762 2370 874 2414 errasse
885 2354 935 2434 qui
953 2353 1131 2415 tradiderunt
1141 2351 1201 2430 (Ξ),
1216 2371 1232 2412 a
1245 2369 1328 2432 apos·

349 2453 422 2515 tolos
450 2455 574 2535 nempe,
607 2455 675 2517 dum
710 2455 814 2517 ducent
845 2459 952 2536 quaed
982 2455 1093 2519 Christo
1122 2453 1213 2517 edocti
1240 2460 1327 2531 sunt,

349 2557 504 2635 Christum,
518 2559 585 2621 daim
600 2559 694 2621 Patris
706 2559 814 2622 revelat
827 2568 948 2623 secreta.

389 2661 449 2725 Una
463 2670 506 2726 est
519 2663 605 2741 igitur
619 2661 756 2741 Ecclesia,
772 2665 818 2726 cui
840 2664 977 2746 competit
989 2661 1184 2746 interpretalio
1197 2659 1326 2742 Scriptu-

348 2784 459 2844 rarum,
481 2766 559 2829 illam
582 2767 658 2845 dico,
681 2785 758 2848 quaa,
779 2768 864 2830 variis
887 2767 1024 2857 memhris
1048 2774 1181 2829 constans
1204 2765 1282 2827 iuter
1298 2782 1329 2825 se

350 2871 499 2949 connexis,
522 2871 639 2954 originis
672 2891 732 2935 suae
754 2872 865 2954 profert
889 2873 1078 2949 documenta,
1103 2870 1330 2950 traditorumque

349 2974 401 3051 sihi
415 2974 450 3038 ab
467 2975 604 3057 apostolis
625 2975 766 3040 librorum
788 2985 957 3060 perpetuam
976 2975 1190 3055 legitimamque
1215 2991 1329 3053 posses·
1391 3043 1396 3050 .

350 3079 459 3142 sionem
485 3079 618 3142 vindicat.
647 3080 732 3143 ldem
761 3082 797 3144 ab
823 3082 964 3146 hereticis
996 3081 1120 3163 postulat
1149 3077 1327 3160 Septimius:

351 3181 481 3244 «Edant
506 3182 631 3261 origines
653 3183 844 3247 Ecclesiarum
871 3204 1008 3262 suarum3
1038 3183 1168 3247 evolvant
1200 3181 1330 3244 ordinem

351 3300 367 3340 c
388 3283 587 3363 episcoporum
600 3302 729 3363 suorum,
745 3288 782 3348 ita
797 3305 849 3368 per
868 3288 1063 3352 successiones
1077 3287 1113 3349 ah
1128 3284 1208 3347 initio
1221 3284 1330 3346 decur-

353 3402 369 3442 ε
388 3390 511 3461 rentem,
527 3392 559 3445 ut
571 3385 681 3464 primus
694 3387 743 3449 ille
757 3389 909 3471 episcopus
929 3391 1054 3471 aliquem
1071 3409 1105 3452 ex
1125 3387 1271 3470 apostolis,
1286 3386 1330 3449 vel

352 3506 368 3547 c
390 3487 553 3567 apostolicis
574 3489 652 3564 viris,
670 3490 719 3568 qui
739 3497 923 3553 tamencum
944 3493 1080 3574 apostolis
1095 3488 1329 3573 perseveraverit,

353 3590 523 3654 «hahuerit
547 3598 695 3656 auctorem
719 3599 748 3657 el
769 3600 979 3658 antecessorem
1001 3595 1062 3676 (3).
1091 3593 1209 3655 >Tunc
1234 3598 1331 3654 nostra

351 3694 529 3776 prescriptio
539 3694 647 3776 jacebit
663 3695 781 3774 inutilis,
796 3705 825 3760 et
837 3698 874 3760 ad
887 3700 954 3778 alia,
970 3700 1065 3781 siqua
1080 3698 1148 3775 siut,
1163 3702 1331 3775 argumenta

385 3919 421 3986 (1)
436 3920 472 3971 lle
485 3921 629 3986 Praesoript.
638 3921 739 3986 haret„
755 3923 766 3986 5
780 3923 825 3974 id.

386 4012 423 4076 (9.)
438 4014 489 4074 lla,
504 4012 516 4075 5
530 4010 573 4062 28.

387 4103 421 4169 (a)
434 4103 511 4168 stol
525 4101 568 4154 ὅθ.
