3200 5067
350 438 383 493 ta
616 438 671 487 -on
689 438 720 499 q.
739 438 765 487 s.
785 434 814 485 r.
833 436 1058 488 nnnvuunvnno
1157 457 1165 471 ·

287 614 295 623 ,
350 554 472 637 impiger
490 552 589 630 obibit,
613 552 667 613 nisi
686 552 754 633 qnid
775 549 885 612 axillis
906 551 1006 613 divinae
1028 548 1137 613 militiae
1159 560 1338 615 sacramento

351 666 506 742 repugnet:
524 657 695 721 cohabitabit
714 658 769 719 hoc
786 657 935 734 seculum
953 674 1019 719 cum
1041 655 1204 719 infidelibus
1225 657 1340 737 naviga-

352 766 404 843 bit,
423 763 567 847 militabit,
589 762 786 839 rusticabitur,
807 760 939 824 miscebit
958 769 1046 838 artes,
1069 779 1172 843 operas
1191 781 1258 825 suas
1278 783 1341 825 om-

352 870 430 931 nium
446 868 510 930 usui
524 866 679 949 publicabit
695 866 756 947 (l).
771 865 835 927 lam
851 866 915 946 quis
927 865 1087 928 nonvideat
1099 868 1186 946 qnam
1199 867 1341 947 scopulosi

353 972 458 1033 fluctus
474 970 643 1037 Christiana
657 970 739 1032 classi
758 967 924 1047 enavigandi
937 976 1147 1050 proponantur,
1169 970 1235 1032 evim
1251 970 1342 1031 idolo·

353 1076 436 1138 latria
462 1094 520 1137 non
542 1074 647 1155 templa
668 1075 790 1151 tantdm,
812 1091 937 1155 quorum
953 1090 1007 1135 nos
1027 1072 1116 1135 limen
1135 1091 1194 1135 non
1216 1074 1339 1149 adimus,

354 1180 406 1243 sed
423 1180 529 1257 lorum,
553 1179 716 1256 macellum,
738 1179 852 1255 balnea,
875 1176 1020 1253 tabernas,
1035 1176 1163 1238 olllcinas
1183 1184 1342 1257 ceteraque

354 1281 527 1345 commercia
540 1282 585 1361 (Ξ)
601 1280 766 1362 repleverit.
782 1278 886 1342 hlnltos
900 1278 982 1359 queis
995 1280 1031 1342 ad
1040 1279 1177 1361 supplicia
1188 1280 1278 1342 semel
1289 1298 1342 1361 pro

355 1383 467 1447 Christo
478 1384 625 1448 toleranda
636 1402 693 1446 non
704 1384 815 1447 deesset
825 1385 948 1462 animus,
959 1384 1131 1465 quotidianae
1142 1384 1217 1446 iuter
1230 1386 1341 1465 epulas,

355 1488 459 1565 studia,
469 1488 560 1565 lusus,
576 1487 701 1549 forensia
717 1490 929 1570 castrensiaque
944 1489 1037 1551 officia
1054 1488 1236 1551 consessionis
1249 1490 1343 1570 pude-

355 1591 414 1667 bit3
429 1591 512 1653 multi
529 1590 723 1672 imprudentes
742 1591 912 1672 peccabunt,
928 1600 958 1655 et
981 1593 1073 1655 latens
1096 1593 1203 1674 ubique
1221 1593 1344 1655 idolola-

358 1695 419 1759 triae
433 1713 574 1775 venenum
589 1695 725 1757 inconscii
749 1697 903 1760 haurient:
928 1696 982 1759 hos
1003 1697 1119 1773 docere,
1138 1698 1203 1759 illos
1220 1715 1346 1777 arguere·

357 1800 452 1863 decet.

398 1902 614 1965 Tantis'Noster
632 1912 727 1966 motus
746 1904 881 1985 periculis
899 1906 981 1986 plura
1001 1906 1180 1987 conscripsit,
1196 1914 1228 1968 ut
1242 1905 1344 1969 adver·

359 2009 408 2069 slrs
420 2008 583 2069 eircnmlnsl
597 2008 689 2073 morbi
701 2008 877 2088 contagium,
891 2029 1007 2090 gregem
1020 2010 1132 2073 Domini
1147 2010 1341 2092 praemuniret.

359 2111 489 2192 Cquuc
503 2110 662 2173 idololatria
676 2111 705 2171 in
728 2112 884 2177 domestica
900 2114 1058 2195 civiliaque,
1074 2114 1104 2176 in
1118 2121 1194 2176 artes
1207 2132 1259 2195 per
1272 2132 1343 2194 quas

361 2216 449 2277 victus
463 2215 651 2296 conquiritur,
667 2216 695 2276 in
711 2216 790 2277 lusus
805 2216 908 2296 qulbus
920 2226 1088 2281 recreantur
1101 2218 1199 2296 animi,
1217 2219 1344 2299 irrepere

360 2318 460 2395 soleat,
476 2318 602 2395 singulas
616 2318 734 2397 'singulis
748 2317 828 2380 libris
848 2321 981 2383 materias
1003 2329 1179 2402 pertractare
1192 2339 1343 2401 aggressus

362 2431 416 2499 est,
432 2424 550 2503 fuseque
564 2422 600 2485 ab
617 2422 738 2485 ethnicis
759 2423 880 2502 artibus,
895 2426 1075 2506 spectaculis,
1088 2426 1223 2502 vestibus,
1240 2426 1344 2506 conju-

361 2528 424 2608 giis,
442 2528 538 2589 doc'uit
551 2527 767 2590 abstinendum:
784 2546 847 2608 quae
861 2530 956 2591 omnia
972 2529 1095 2592 breviter
1108 2530 1217 2592 relerre
1230 2528 1344 2591 conabi-

363 2651 439 2710 mur,
455 2632 480 2695 si
497 2632 565 2713 quid
583 2651 617 2693 er
631 2631 776 2694 communi
789 2629 921 2695 Ecclesiae
937 2631 1083 2721 disciplina
1096 2650 1148 2713 per
1161 2631 1278 2693 nimiam
1296 2630 1345 2693 'se-

363 2737 509 2799 veritatem
523 2735 678 2817 Septimius
688 2734 899 2813 exorbitaverit,
913 2736 1005 2799 obiter
1018 2744 1159 2799 notantes.

406 2838 1342 2919 t⁰lln1nononnvnra.-Auctor,inlibrollcldololotridinscripto,

363 2946 417 3007 hoc
426 2943 604 3026 propositum
616 2941 727 3020 babuit,
739 2950 773 3004 ut
786 2943 878 3005 errori
891 2945 1081 3025 quorumdam
1095 2944 1206 3005 obviam
1220 2942 1342 3023 iretqui,

364 3051 415 3113 sibi
424 3050 821 3129 indulgentes,multasartes,
833 3050 961 3129 quamvis
969 3049 1157 3112 idololatriam
1170 3047 1343 3123 redolentes,

364 3155 458 3217 securi
472 3154 652 3216 exercebant.
676 3152 831 3234 Postquam
849 3152 935 3233 igitur
952 3154 982 3216 in
1000 3153 1200 3228 idololatriam,
1216 3152 1345 3214 omnium
1410 3158 1413 3161 ’

365 3264 547 3337 peccatorum
564 3256 684 3333 sontem,
694 3257 798 3319 acriter
811 3257 938 3319 invectus
950 3263 1005 3336 est,
1018 3276 1077 3319 non
1091 3276 1144 3320 eos
1154 3257 1231 3319 solos
1242 3256 1271 3316 in
1281 3262 1345 3316 tan-

366 3370 426 3421 tum
439 3360 548 3420 crimen
563 3359 688 3421 incidere
695 3360 796 3422 delinit
807 3360 856 3440 qui
869 3360 922 3442 ipsi
935 3360 1064 3423 victimas
1076 3360 1242 3437 immolent3
1253 3358 1346 3420 omnis

366 3464 441 3525 enirn
463 3464 539 3525 circa
561 3462 637 3525 idola
655 3463 808 3525 famulatus
827 3464 959 3528 eamdem
980 3484 1043 3527 csse
1065 3463 1272 3538 conditionem,
1293 3480 1346 3523 nec

366 3567 460 3631 mimis
480 3568 547 3632 idoli
569 3568 707 3630 artificem
730 3569 816 3649 qulam
838 3571 976 3633 cultorem
1002 3589 1064 3633 esse
1081 3568 1285 3631 damnandum.
1300 3565 1347 3629 Si-

365 3672 480 3753 quidem
504 3672 582 3735 nulla
602 3676 695 3754 major
716 3673 868 3755 apostasia,
893 3674 978 3754 quam
1001 3692 1066 3754 quae
1082 3671 1165 3735 idolis
1182 3676 1299 3753 praestat
1314 3675 1348 3730 ut

364 3778 433 3854 sint,
453 3783 484 3837 ut
502 3778 644 3856 colantur,
666 3779 787 3861 plusque
810 3776 961 3842 fabricator
982 3777 1126 3839 simulacri
1140 3782 1183 3838 est
1200 3775 1285 3855 quam
1299 3792 1347 3835 sa-

399 4005 433 4067 ul
446 4005 563 4071 apolog„
579 4006 591 4068 g
606 4006 648 4056 m.
